3736 6012
708 501 906 574 „41-

478 757 479 770 ¹
557 785 832 805 ........
862 729 943 806 τίν’
967 717 1117 804 ἄλλον·

385 921 394 940 .
423 921 431 940 .
458 862 696 974 ἀνθρώπων
722 862 869 966 ἔμεθεν
896 855 1083 963 milipeda

483 1055 680 1073 ......
707 996 847 1075 thraso
876 990 1088 1096 ‹l‘t'pauea

628 1128 763 1226 λᾶθος
778 1193 784 1206 .
802 1190 832 1206 ..

385 1269 469 1343 Kal
496 1267 651 1360 ποθνζω
681 1268 747 1346 καὶ
771 1266 947 1367 μάοιιαι
964 1324 972 1340 .
989 1325 1020 1343 ..
1042 1270 1075 1360 *t

180 1403 276 1493 Quae
302 1408 428 1475 cuncta
466 1402 510 1475 ad
549 1402 717 1476 eiusmodi
755 1405 922 1495 epistulae
973 1408 1217 1493 argumentum
1261 1400 1433 1496 quadrare

180 1557 281 1609 nemo
306 1537 462 1628 negabit.
491 1539 589 1629 Quae
602 1539 793 1612 sententiae
807 1560 895 1630 cum,
923 1537 1046 1610 utiam
1072 1555 1178 1626 supra
1204 1518 1432 1629 ostendimus,

180 1673 218 1744 in
245 1670 420 1746 Ouidiana
457 1673 607 1765 epistula
644 1673 813 1749 imitando
852 1693 1034 1766 expressae
1059 1672 1141 1764 sint,
1167 1673 1320 1763 primum
1348 1668 1431 1744 inde

180 1809 338 1899 seqnitur
362 1831 419 1881 eas
445 1808 664 1901 aSap'phone
689 1831 825 1903 qnoque
850 1811 887 1881 in
908 1806 1075 1882 eiusmodi
1090 1805 1258 1897 epistulae
1272 1793 1431 1879 ¹formam

180 1938 303 2015 induto
329 1944 483 2016 carmine
508 1942 685 2016 adhibitas
711 1965 796 2034 esse3
822 1911 928 2034 porro
942 1947 1069 2028 autem,
1091 1940 1254 2032 quoniam
1281 1937 1429 2012 Ovidius

180 2073 401 2166 Sapphonem
443 2075 501 2147 ad
535 2077 793 2150 Phaonem
837 2076 1023 2167 epistulam
1075 2075 1285 2148 scribentem
1337 2072 1432 2167 fauit,

180 2210 334 2300 poetriae
359 2229 493 2302 quoque
525 2211 640 2303 ipsum
668 2231 806 2283 carmen
833 2208 878 2281 ad
903 2210 1081 2282 Phaonem
1107 2210 1278 2301 scriptum
1305 2229 1434 2302 ponere
1533 2261 1534 2264 ,

181 2345 324 2435 poteris.

279 2476 444 2552 Attamen
481 2500 552 2553 non
577 2478 687 2552 solum
714 2499 755 2551 ex
780 2481 934 2571 poetriae
966 2478 1173 2569 fragmentis
1201 2499 1279 2550 cum
1307 2475 1430 2551 Ouidi·

181 2630 250 2683 ana
275 2612 424 2702 epistula
449 2612 582 2687 collatis
608 2612 725 2704 colligi
748 2619 865 2705 potest
889 2632 910 2685 a
935 2612 1123 2706 Sapphone
1147 2610 1316 2688 eiusmodi
1342 2613 1434 2704 epis-

181 2742 291 2818 tulam
304 2747 469 2837 scriptam
488 2768 572 2820 esse:
602 2745 698 2818 aliud
711 2767 846 2840 quoque
872 2747 1057 2837 vestigium
1071 2752 1195 2840 exstat,
1223 2745 1314 2838 quod
1339 2752 1433 2821 recte

183 2879 398 2953 intellectum
423 2880 541 2954 eodem
579 2883 755 2973 pertinere
789 2882 875 2954 mihi
900 2879 1068 2954 videatur.
1108 2882 1151 2955 ln
1177 2881 1308 2974 aliquot
1328 2865 1434 2955 venim

182 3013 287 3086 huius
313 3000 473 3087 Heroidis
486 3015 585 3088 libris
613 3016 860 3107 manuscriptis
886 3016 971 3088 haec
986 3015 1133 3107 epistula
1158 3017 1215 3089 ab
1242 3015 1434 3091 Ouidio

183 3145 421 3221 eGraeca
457 3149 639 3240 lingua
675 3149 969 3224 inlatinam
995 3171 1284 3224 versaesse
1310 3149 1434 3226 dici·

183 3287 276 3354 tur.
303 3282 357 3354 lta
386 3284 424 3356 in
449 3281 566 3356 codiee
603 3283 790 3359 Harleiano
829 3285 897 3377 ipsi
934 3285 1103 3376 epistulae
1141 3285 1227 3357 haec
1266 3285 1435 3377 praelatio

182 3415 374 3506 praemissa
414 3421 467 3487 est
505 3418 552 3509 (u.
590 3417 701 3491 Vries.
742 3417 765 3490 l.
792 3417 815 3490 l.
842 3439 875 3508 p.
904 3421 953 3511 7):
999 3416 1124 3508 ,Circa
1161 3418 1268 3492 lesbic
1299 3417 1436 3510 Sophos

183 3549 337 3624 mitilene
361 3551 542 3641 epistolam
567 3550 612 3623 ad
636 3553 808 3643 phaonem
834 3551 997 3625 dilectum
1023 3573 1125 3625 suum
1151 3554 1329 3644 scriptam.
1358 3551 1436 3626 Ma·

183 3704 255 3775 gna
279 3687 395 3759 extitit
431 3687 610 3759 contencio
647 3687 725 3778 quis
765 3687 830 3758 hoc
868 3687 1007 3776 insigne
1043 3707 1129 3778 opus
1155 3709 1173 3760 e
1198 3708 1356 3777 greco
1382 3688 1435 3761 in

183 3818 409 3892 latinum
448 3821 804 3893 transtulerit
842 3821 1000 3913 quamvis
1041 3819 1130 3894 aduc
1172 3822 1209 3894 in
1248 3819 1355 3895 dubio
1393 3822 1431 3895 id

184 3953 345 4028 volvatur
370 3955 576 4028 coniecturis
603 3961 677 4029 tum
704 3953 748 4027 ad
773 3953 810 4026 id
834 3963 976 4028 ventum
996 3963 1059 4047 est,
1086 3955 1177 4048 qruod
1203 3954 1337 4029 ovidius
1363 3957 1430 4031 sul·

185 4090 359 4162 monensis
384 4090 414 4161 is
437 4088 518 4162 ⁴siet
555 4091 615 4182 qui
641 4089 895 4164 transtulerit“.
920 4087 1016 4162 Idem
1057 4091 1094 4163 in
1120 4090 1236 4166 codice
1274 4092 1436 4166 Parisino

184 4224 236 4315 tp)
264 4222 402 4315 legitur,
428 4244 583 4314 usupra
608 4244 642 4312 p.
659 4227 678 4294 6
693 4229 779 4296 extr.
805 4243 854 4316 sq.
883 4225 979 4315 Quae
991 4223 1041 4296 ita
1063 4225 1150 4295 mihi
1174 4223 1437 4318 interpretanda

185 4379 260 4430 esse
278 4358 450 4433 videntur:
477 4360 744 4454 Antiquioribus
757 4358 980 4451 temporibus,
1009 4381 1087 4432 cum
1102 4358 1263 4451 Sapphus
1279 4362 1437 4434 carmina

293 4694 316 4761 'l
335 4697 403 4751 Sane
423 4695 492 4750 rulrc
511 4695 588 4750 ruodo
607 4696 713 4750 fuctum
732 4696 773 4748 ost
791 4696 823 4749 ut
842 4694 897 4749 iarn
916 4694 1004 4761 Bergk
1023 4696 1163 4760 tamquam
1191 4694 1341 4750 divinando
1358 4710 1439 4765 prae·

186 4785 291 4854 ripicns
318 4786 440 4838 nostram
469 4785 653 4838 coniecturam
679 4783 747 4838 haec
765 4783 922 4849 fragmenta
941 4783 999 4837 fere
1019 4784 1060 4838 ita
1079 4784 1291 4862 enumeraverit,
1311 4786 1342 4839 ut
1360 4785 1439 4846 uubis

187 4875 320 4940 ovidiana
339 4875 458 4956 epistula
472 4875 558 4938 ‘fretis
578 4873 765 4955 coniungenda
785 4887 842 4927 esse
861 4872 1016 4940 videantur,
