3736 6012
1022 544 1075 620 1v

423 777 745 868 sieoutiuualitnr,
775 779 827 853 ita
850 786 890 852 nt
914 778 1083 853 Herodoti
1119 801 1249 873 quoque
1274 781 1361 872 fides
1385 788 1486 875 atque
1524 784 1673 856 auetori-

423 925 487 1009 tas‚
514 915 630 1009 (quod
653 915 726 986 iam
747 915 884 1003 fartum
908 919 991 1010 est),
1031 914 1241 987 indubium
1277 923 1425 1007 ooeetur,
1464 919 1607 1009 qnidam
1632 941 1673 991 on

421 1051 567 1144 posteris
596 1049 810 1123 Graecarum
835 1049 1035 1122 litterarum
1059 1045 1222 1122 historiae
1245 1051 1471 1142 sem‘ptorilms
1496 1053 1546 1125 da
1570 1075 1672 1125 snam

423 1185 467 1259 de
495 1184 635 1278 poetria
672 1182 911 1256 narrationem
949 1183 1095 1274 raupa
1137 1205 1270 1257 maesse
1306 1185 1385 1258 ord:
1426 1187 1601 1275 „Transeo
1626 1188 1673 1260 ad

423 1320 653 1414 Sapphonem,
680 1320 723 1392 de
747 1320 847 1392 onius
877 1320 950 1392 uita
974 1320 1067 1393 nihil
1091 1321 1281 1418 quidquam
1308 1327 1473 1396 cansam.

521 1450 643 1544 Itoana
667 1473 747 1524 enm
771 1451 853 1524 haee
878 1473 986 1524 arena
1010 1453 1050 1524 in
1075 1452 1148 1526 dies
1175 1454 1289 1546 mapis
1326 1455 1504 1547 mapisane
1536 1464 1672 1530 contra-

424 1584 540 1672 hatur,
590 1583 630 1655 in
666 1585 909 1675 oomponendis
947 1586 1262 1679 concinnandisqne
1287 1586 1452 1679 Sapphus
1477 1590 1673 1662 carminum

420 1717 632 1809 trapmentis
668 1717 816 1809 indeque
853 1718 895 1790 de
928 1719 1066 1810 poetria
1116 1720 1349 1793 aoneludeudo
1395 1721 1548 1794 homines
1585 1723 1675 1796 docti

424 1851 581 1927 certatim
606 1871 746 1941 operam
768 1858 905 1942 ponunt
929 1874 1035 1944 qnam
1060 1852 1376 1944 dllipentissimam.
1422 1855 1518 1944 Quae
1542 1856 1675 1949 inpenii

425 1985 596 2060 oraminis
620 1986 816 2058 enmeitatio
854 2008 1065 2079 quamquam
1103 1965 1428 2080 amoenissimam,
1468 2011 1549 2062 eum
1573 1991 1675 2081 quie

420 2120 632 2212 frapmentis
652 2120 885 2215 frustnllsque
909 2126 1019 2193 totum
1044 2126 1225 2214 tamquam
1241 2122 1529 2215 resinpereatque
1542 2130 1673 2196 restam

349 2283 350 2287 ¹
425 2276 506 2328 rare
530 2258 687 2345 conatur,
714 2253 789 2344 ipse
811 2254 1062 2345 quodammodo
1087 2255 1238 2328 auotoris
1255 2257 1327 2328 uiae
1347 2258 1535 2348 fuupatnr,
1559 2264 1675 2331 tamen

424 2395 580 2462 nostram
598 2387 757 2479 poetriae
781 2386 941 2460 notitiam
965 2388 1108 2459 minime
1126 2395 1317 2479 promovet,
1343 2412 1424 2462 enm
1441 2390 1507 2462 nni
1526 2391 1676 2482 teliaiter

426 2532 526 2617 atque
551 2527 648 2594 ande
672 2521 880 2613 meapham
905 2520 1061 2612 opinioni
1098 2522 1189 2593 dnae
1227 2523 1280 2595 oel
1310 2523 1438 2613 plnres
1462 2545 1533 2595 non
1558 2524 1676 2597 minus

426 2659 571 2748 arputae
596 2653 723 2748 opponi
743 2653 888 2743 possint,
915 2674 978 2726 nea
1002 2653 1134 2746 odeas,
1160 2675 1227 2745 qno
1252 2654 1351 2726 nisus
1376 2654 1466 2727 hana
1498 2656 1552 2728 uel
1575 2655 1675 2728 illam

426 2788 566 2880 refellas
590 2793 652 2859 aut
676 2787 834 2878 recipias.
862 2786 958 2875 Quae
981 2787 1040 2858 oia
1064 2810 1169 2878 quam
1190 2788 1323 2862 lnlriaa
1336 2789 1393 2882 sit,
1419 2790 1584 2882 eaemplis
1597 2792 1676 2881 pla-

361 2993 364 3000 ,
426 2947 512 2997 num
533 2925 652 3014 faeere
675 2923 984 3018 supersedebimus.

525 3059 614 3130 Onm
637 3057 749 3148 ipitur
773 3063 805 3130 et
830 3057 1088 3149 arpntlolarnm
1113 3080 1299 3132 nnmerum
1319 3066 1493 3151 anpereet
1513 3061 1559 3131 ad
1572 3060 1678 3134 dubia

426 3191 532 3265 dubia
569 3213 762 3284 appropero
799 3193 983 3282 noluerim,
1022 3193 1096 3266 alia
1127 3194 1185 3265 oia
1211 3194 1298 3267 mihi
1335 3189 1566 3287 inpredienda
1593 3195 1675 3284 fuit.

427 3325 647 3418 Quapropter
683 3326 721 3396 in
759 3325 923 3418 Sapphus
960 3326 1033 3400 olto
1070 3329 1295 3401 retractanda
1325 3321 1380 3400 ¹ad
1409 3328 1514 3400 illum
1546 3329 1678 3417 sordem

427 3460 696 3553 repreliendum
721 3483 791 3536 esse
816 3463 914 3550 duni,
940 3462 1001 3553 qui
1024 3462 1123 3535 hodie
1141 3463 1350 3555 plerumque
1373 3464 1546 3536 immerdo
1564 3462 1678 3554 nepl-

426 3595 533 3685 pitur.
561 3594 701 3669 Gorrstat
727 3596 883 3667 enimin
910 3595 1166 3668 Ouidianarnm
1190 3594 1392 3669 Heroidnm
1416 3617 1562 3668 numero
1588 3595 1679 3687 Sap-

419 3730 517 3821 phns
541 3752 672 3823 quoque
697 3732 743 3802 ad
768 3730 945 3804 Phaonem
969 3731 1155 3822 epistulam
1180 3737 1324 3823 eustare,
1352 3731 1596 3823 ouiplurimas
1621 3751 1677 3804 res

427 3866 473 3938 ad
499 3865 607 3937 uitam
626 3865 783 3955 poetriae
804 3863 1016 3956 pertinentes
1040 3865 1221 3955 ampleaae
1246 3864 1414 3937 nullaod
1426 3865 1574 3936 minima
1589 3864 1678 3955 fides

422 4001 499 4089 fere
523 3999 565 4072 al
589 3998 746 4071 omnihus
770 3998 1014 4072 recentioribus
1040 4000 1234 4072 luminibus
1272 3999 1380 4072 doctis
1404 3998 1557 4084 hahetur,
1600 4021 1679 4070 oum

427 4133 668 4224 etepistnlam
703 4132 865 4223 spuriam
906 4137 1053 4223 eleum,
1093 4154 1203 4224 aquo
1242 4132 1481 4224 eonplntinata
1519 4138 1578 4204 est.
1615 4153 1682 4203 sua

426 4266 617 4339 maalmam
636 4271 777 4356 partem
801 4264 843 4337 al
867 4265 1020 4356 antiquis
1049 4264 1262 4338 Graecorum
1288 4265 1426 4337 eomiois
1460 4265 1567 4355 poetis
1603 4287 1682 4336 mu-

426 4407 564 4475 tnatum
589 4421 659 4473 esse
683 4400 723 4471 in
747 4401 874 4491 uulpus
900 4400 1077 4472 eradatur.
1116 4377 1277 4498 Priorem
1318 4399 1515 4490 opinionem
1548 4397 1684 4488 falsam

426 4557 497 4624 esse
520 4535 619 4608 hodie
644 4535 717 4632 iam
742 4535 904 4607 nonnulli
927 4540 1010 4606 sunt
1035 4533 1095 4624 qni
1120 4534 1319 4623 ooneedant;
1343 4533 1526 4626 quaedam,
1553 4531 1592 4602 in
1606 4532 1683 4623 qui-

426 4670 488 4742 hus
512 4668 625 4740 adhue
650 4667 899 4760 offendebatur,
923 4689 986 4740 nos
1011 4687 1142 4758 quoque
1166 4666 1206 4737 in
1223 4664 1499 4739 corollariohuie
1513 4664 1682 4738 disserta-

426 4803 513 4877 tioni
537 4802 699 4875 adiunoto
723 4802 841 4875 tollere
865 4800 1086 4874 studebimus.
1116 4801 1231 4873 Cardo
1257 4806 1373 4871 autem
1391 4799 1496 4871 huius
1511 4820 1683 4870 commen-

427 4937 567 5018 talimis
591 4936 631 5013 in
657 4937 769 5010 altera
793 4935 988 5032 qnantlme
1012 4934 1176 5010 soluenda
1201 4924 1370 5009 uersatur.
1412 4927 1458 5004 In
1483 4953 1548 5030 quo
1582 4953 1685 5028 opere
