3736 6012
584 517 588 524 -
702 435 899 560 -eo-

162 717 280 794 vmulto
306 723 386 789 ante
411 717 614 808 Euripidem
629 718 777 790 Alcaeus
792 717 945 791 carmine
958 719 999 790 de
1013 725 1109 791 scuto
1136 719 1173 790 in
1198 739 1317 809 pugna
1344 741 1436 815 cum

172 851 446 924 Atheniensibus
472 852 564 943 apud
591 852 731 943 Sigeum
759 853 976 925 aseabiecto
1007 853 1245 944 Melanippum
1273 855 1424 928 amicum
1464 871 1466 878 ’

173 988 353 1057 certiorem
391 988 530 1078 fecerat,
571 995 609 1060 ut
647 987 772 1059 Herod.
818 987 859 1070 V,
902 991 946 1059 95
984 994 1142 1059 testatur:
1197 987 1341 1061 ταῦτα
1381 979 1423 1061 δὲ

172 1114 366 1209 comatae
426 1121 462 1198 ἐν
515 1114 685 1222 μέλεϊ
734 1121 989 1212 ’ποιήσας
1053 1122 1335 1213 ἐπιτιθεῖ
1385 1121 1423 1214 ἐς

173 1247 424 1351 Μυτιλήνην,
464 1248 900 1366 e'ffocyye'hbd‘ueoogrd
927 1253 1109 1332 ceored
1136 1255 1277 1349 πάθος
1298 1247 1424 1335 Μελα-

173 1391 318 1496 νίππῳ
344 1383 462 1499 drdpl
488 1389 656 1499 §calpon
696 1394 736 1464 cf.
763 1393 882 1465 Alcaei
908 1393 995 1484 frag.
1026 1399 1068 1466 32
1097 1393 1189 1484 apud
1222 1393 1422 1485 Bergkium.
1535 1477 1540 1486 ,

55 1580 58 1584 -
170 1529 337 1600 Attamen
364 1549 408 1600 ne
434 1529 537 1600 huius
564 1527 702 1621 quidem
741 1530 909 1619 epistulae
947 1536 1190 1620 argumentum
1217 1531 1423 1603 amatorium

170 1651 247 1735 fuit.
277 1662 399 1753 ltaque
425 1662 494 1734 nisi
521 1663 587 1735 alio
615 1657 714 1734 modo
741 1684 814 1735 rem
829 1661 989 1752 expedire
1014 1664 1144 1752 liceret,
1162 1662 1326 1755 Diltheyi
1346 1682 1424 1734 sen-

171 1799 281 1872 tentia
294 1775 521 1888 praeferenda
535 1805 620 1890 erat,
642 1799 701 1890 qui
718 1800 817 1870 initio
831 1796 1047 1888 „Observatt
1064 1801 1101 1871 in
1115 1798 1279 1889 epistulas
1293 1795 1423 1870 heroid.

173 1928 276 2003 Ouid.
304 1953 326 2021 p
364 1931 380 2000 l
406 1929 622 2023 (Gottingae,
641 1935 748 2024 1884)
773 1931 936 2004 Ovidium
951 1931 1205 2034 Alexandrinos
1230 1937 1360 2022 poetae,
1387 1933 1424 2004 in

172 2086 322 2157 quorum
349 2065 562 2137 carminibus
601 2066 770 2155 epistulae
796 2067 983 2138 amatoriae
1021 2087 1085 2138 usu
1117 2071 1276 2155 receptae
1313 2071 1422 2156 erant,

169 2203 344 2274 imitatum
371 2222 449 2273 esse
475 2223 678 2292 persuasum
694 2171 847 2294 habet*).
874 2201 906 2272 A
947 2223 1019 2274 rem
1034 2201 1139 2301 altius
1152 2202 1308 2290 repetere
1332 2200 1422 2273 licet.

169 2336 369 2408 Athenaeus
395 2337 487 2408 enim
513 2336 544 2406 X
570 2358 602 2428 p.
633 2339 703 2408 450
718 2335 748 2406 Ε
763 2335 816 2426 **)
831 2334 931 2408 affert
944 2336 1096 2425 amplum
1121 2335 1356 2423 fragmentum
1383 2357 1424 2406 ex

171 2471 400 2561 AntiphaniS,
428 2469 561 2541 mediae
586 2492 673 2562 quae
712 2469 840 2541 dicitur
867 2467 1060 2541 comoediae
1084 2474 1214 2559 poetae,
1240 2466 1424 2565 Sapphone

108 2644 111 2650 ·
172 2610 364 2696 sumptum,
403 2603 463 2675 ubi
501 2605 634 2693 poetria
670 2604 834 2695 griphum
862 2603 997 2675 cuidam
1024 2602 1223 2674 solvendum
1250 2603 1423 2693 proponit,

172 2739 366 2831 quodcum
393 2737 451 2808 ille
480 2739 617 2828 comice,
645 2759 714 2810 non
739 2744 854 2809 autem
881 2759 921 2808 ex
946 2737 1098 2827 poetriae
1124 2735 1295 2808 sententia
1324 2737 1424 2809 fecis-

172 2837 237 2965 set,
265 2871 406 2962 Sappho
445 2873 521 2961 ipsa
559 2870 658 2943 docet
697 2871 754 2942 illo
780 2872 974 2960 aenigmate
1000 2869 1283 2960 epistulam
1311 2867 1424 2960 desig-

171 3010 250 3081 nari
303 3009 490 3098 Quaeritur
528 3014 664 3099 autem,
682 3009 720 3079 in
747 3028 895 3098 quonam
934 3007 1183 3078 sententiarum
1223 3025 1313 3077 nexu
1338 3004 1424 3078 illud

176 3144 337 3231 aenigma
375 3140 487 3212 locum
526 3140 690 3212 habuerit
727 3141 780 3212 vel
807 3138 990 3231 adquam
1031 3161 1102 3210 rem
1135 3137 1313 3229 Sapphoni
1339 3158 1424 3229 opus

171 3277 280 3370 fuerit
305 3276 462 3365 epistula.
495 3273 593 3364 Quod
620 3274 705 3344 mihi
732 3275 781 3344 ita
797 3271 1036 3376 explicandum
1064 3293 1137 3343 esse
1163 3268 1310 3343 videtur:
1338 3271 1425 3363 Sap·

169 3412 286 3503 phoa
312 3410 454 3481 Phaone
483 3407 617 3482 deserta
631 3407 814 3500 epistulam
840 3407 1043 3480 amatorium
1070 3405 1114 3477 ad
1139 3405 1316 3477 absentem
1342 3406 1423 3477 mit-

171 3554 246 3619 tere
271 3545 424 3634 gestiens
464 3566 484 3615 a
523 3545 650 3615 comico
690 3540 928 3630 inducebatur3
956 3543 1040 3632 quin
1066 3542 1169 3611 etiam
1195 3539 1274 3610 fieri
1299 3540 1422 3631 potuit,

167 3686 209 3753 ut
234 3681 307 3751 iam
337 3678 501 3770 scriptam
541 3676 600 3748 illo
639 3677 834 3766 aenigmate
862 3676 972 3747 soluto
1000 3677 1037 3747 in
1063 3695 1187 3746 scaena
1212 3673 1422 3745 recitaverit.

169 3813 240 3905 Qui
266 3810 458 3884 comoediae
482 3811 591 3902 locus
631 3808 793 3881 Ovidium
819 3809 989 3898 legentem
1016 3831 1099 3880 sane
1118 3791 1338 3879 'commovere
1362 3826 1423 3897 po·
1497 3815 1500 3822 '

167 3945 248 4037 tuit,
275 3951 316 4017 ut
340 3945 444 4016 talem
471 3943 654 4033 epistulam
682 3948 899 4033 componeret
924 3944 973 4014 eis
1007 3942 1189 4014 sententiis
1217 3960 1310 4032 usus⁷
1336 3962 1424 4034 quae
1504 3945 1505 3948 ’

167 4085 206 4154 in
232 4080 394 4172 Sapphus
434 4079 647 4153 carminibus
686 4100 867 4170 expressae
893 4085 993 4151 erant
1019 4084 1053 4151 et
1079 4075 1121 4150 ad
1149 4080 1302 4168 poetriae
1326 4078 1423 4166 inge-

165 4216 265 4288 nium
281 4213 543 4287 describendum
558 4211 833 4285 accommodatae
847 4233 919 4284 esse
932 4211 1150 4302 videbantur3
1180 4235 1229 4285 co
1247 4234 1280 4283 m
1294 4215 1306 4284 i
1322 4235 1339 4285 c
1352 4236 1375 4285 u
1389 4235 1422 4283 m

164 4350 259 4421 enim
285 4347 527 4439 Antiphaneae
564 4346 725 4437 Sapphus
763 4346 930 4436 epistulae
956 4352 1198 4435 argumentum
1225 4347 1269 4418 ad
1294 4348 1418 4438 genui·

275 4715 298 4783 *l
316 4717 355 4774 cf.
376 4718 497 4775 hhwald.
517 4720 535 4774 l.
556 4720 575 4774 l.
595 4732 622 4786 p.
643 4719 701 4774 214.

263 4823 299 4892 **)
317 4824 345 4880 V.
365 4825 480 4884 Meineh.
501 4825 597 4897 rragg.
618 4839 683 4881 eom.
703 4839 792 4894 graec.
812 4825 862 4896 111,
881 4840 907 4896 p.
930 4829 978 4882 112
999 4840 1037 4896 sq.
