3784 6014
2 5400 210 5640 μ

283 5725 331 5776 k

929 503 1124 575 ...88-

404 743 499 816 unde
524 738 631 814 liliam
645 739 801 831 poetriae
826 738 888 809 uni
903 758 1006 808 curae
1019 759 1093 808 esse
1106 758 1169 808 nec
1183 737 1250 808 iam
1265 742 1397 826 patrem
1422 739 1460 809 in
1472 738 1560 810 vivis
1572 759 1650 811 ver-

405 877 475 950 sari
502 875 658 948 conicere
681 873 822 965 poteris.
849 871 970 962 ltaque
995 892 1078 943 sane
1103 869 1178 942 fieri
1191 871 1314 961 potuit,
1341 876 1381 942 ut
1394 870 1532 962 Sappho
1544 869 1651 944 vidua

407 1012 477 1082 iam
502 1015 615 1083 aetate
639 1007 853 1100 provectiore
879 1028 993 1078 amore
1018 1007 1056 1078 in
1081 1005 1258 1079 Phaonem
1284 1005 1495 1079 inflammata
1520 1007 1574 1079 sit.

503 1146 578 1219 lam
603 1145 711 1234 igitur
735 1142 791 1213 his
817 1141 983 1214 absolutis
1010 1140 1053 1214 ad
1079 1140 1165 1214 duas
1191 1142 1426 1233 Sapphus
1462 1143 1651 1214 amicas

407 1255 657 1355 convertamur.
683 1277 726 1350 V.
739 1266 741 1270 ’
756 1281 799 1347 17
827 1274 916 1348 duae
940 1276 1077 1366 puellae
1101 1276 1336 1366 nominantur,
1370 1296 1517 1366 quorum
1542 1277 1652 1348 nomi-

407 1435 453 1489 na
478 1419 636 1506 suspecta
663 1433 736 1484 esse
761 1411 935 1484 videntur:

552 1546 642 1636 Vilis
669 1546 701 1616 A
715 1566 739 1618 n
751 1567 772 1618 a
786 1566 804 1617 c
817 1552 832 1617 t
847 1567 865 1616 o
879 1545 922 1617 ri
937 1566 966 1635 e,
993 1545 1072 1617 vilis
1098 1544 1184 1616 mihi
1211 1542 1358 1616 candida
1385 1542 1412 1615 (l
1426 1568 1448 1637 y
1462 1543 1483 1615 d
1497 1567 1520 1617 n
1534 1567 1563 1618 o.

316 1687 319 1694 ’
409 1685 506 1780 Quod
542 1683 588 1758 ad
626 1684 776 1775 priorem
813 1683 948 1774 attinet,
1000 1684 1155 1774 quaestio
1193 1683 1313 1773 paucis
1351 1682 1482 1755 absolvi
1530 1690 1652 1775 potest.

408 1813 651 1924 'Aoaaropip
678 1816 771 1889 enim
796 1816 991 1905 antiquitus
1018 1813 1159 1887 Miletus
1186 1815 1304 1886 loniae
1342 1815 1424 1886 urbs
1457 1815 1655 1906 appellaba-

408 1962 477 2045 tur,
503 1959 543 2026 nt
567 1951 702 2024 Plinius
731 1950 825 2042 (hist.
853 1956 923 2022 nat.
950 1950 994 2041 V,
1023 1954 1079 2040 29,
1110 1951 1207 2042 112),
1235 1949 1432 2042 Stephanus
1464 1949 1655 2045 Byzantius

410 2095 450 2178 (s.
477 2114 508 2162 v.
537 2079 746 2179 Μίλητος),
773 2085 833 2157 alii
859 2091 1041 2158 testantur.
1068 2085 1191 2177 Itaque
1217 2081 1459 2183 'Anauropc'p
1486 2083 1656 2158 11111111-

409 2224 481 2296 lere
505 2227 617 2313 potest
642 2227 744 2312 atque
771 2210 947 2313 Μιλησία
974 2218 1215 2312 significatque
1252 2220 1402 2311 puellam
1444 2221 1563 2295 Mileto
1588 2225 1657 2295 ori-

410 2344 840 2449 undam,ut'Ar19irior
867 2356 1006 2428 nomine
1043 2354 1161 2427 Attica
1198 2356 1296 2445 virgo
1335 2353 1537 2446 designatur
1550 2358 1654 2450 *).Α

410 2492 517 2569 Snida
542 2515 622 2566 varo
647 2492 669 2564 l.
697 2492 721 2564 l.
747 2493 839 2564 inter
876 2492 1031 2582 poetriae
1070 2489 1258 2581 discipulas
1284 2487 1497 2600 'Auayopa
1523 2515 1659 2585 quoque

381 2678 390 2690 -
411 2615 588 2720 Μιλησία
614 2632 827 2717 numeratur,
855 2646 958 2716 quam
984 2622 1130 2697 Ovidius
1158 2626 1222 2696 hoc
1247 2625 1320 2698 loco
1345 2629 1537 2718 respexisse
1562 2627 1660 2701 vide-

411 2768 480 2850 tur,
507 2781 585 2832 cum
609 2781 690 2832 vero
716 2759 895 2851 proprium
932 2758 1065 2850 puellae
1102 2780 1228 2831 nomen
1268 2759 1428 2855 dactylici
1468 2762 1658 2837 hexametri

412 2895 547 2985 legibus
573 2892 732 2985 adaptari
755 2891 928 2984 nequiret,
947 2898 1075 2983 poetae
1101 2891 1136 2963 id
1162 2913 1288 2965 nomen
1308 2871 1557 2968 adhibendum
1582 2897 1659 2988 init,

414 3007 504 3118 quod
542 3024 710 3119 dactylico
748 3047 893 3097 numero
930 3027 1058 3117 optime
1095 3025 1331 3117 responderet.
1372 3029 1495 3120 ltaque
1514 3030 1662 3120 puellae

414 3161 465 3233 illi
490 3159 682 3251 genuinum
708 3159 891 3248 Anagorae
917 3181 1053 3250 nomen,
1094 3160 1185 3252 quod
1211 3159 1335 3233 Suidas
1362 3163 1523 3255 servavit,
1555 3165 1663 3235 fuisse

415 3292 554 3367 videtur
570 3295 637 3386 li).
1108 3288 1113 3296 ’

515 3426 603 3498 Cum
628 3425 754 3515 prioris
779 3425 915 3515 puellae
954 3447 1044 3496 unus
1071 3427 1194 3498 saltem
1232 3434 1363 3519 auctor,
1398 3409 1571 3500 Maximus
1597 3428 1663 3522 Ty-

417 3563 501 3651 riuS,
530 3531 746 3632 mentionem·
763 3559 884 3630 fecerit
900 3560 989 3651 iii),
1016 3559 1058 3631 de
1085 3559 1247 3654 Cydnone
1260 3568 1333 3634 tota
1345 3563 1535 3654 antiquitas
1561 3584 1665 3654 quam

417 3692 692 3784 pertinacissime
729 3696 830 3763 tacet.
871 3691 962 3782 Quid
1000 3693 1124 3782 igitur?
1162 3693 1219 3766 An
1246 3692 1409 3766 Ovidium
1447 3696 1561 3787 ipsum
1600 3695 1666 3768 hoc

418 3847 543 3899 nomen
566 3826 707 3898 finxisse
731 3825 928 3917 ponendum
954 3827 1023 3898 est?
1049 3827 1203 3899 Minime.
1232 3828 1339 3900 Immo
1363 3850 1446 3900 vero
1474 3826 1510 3898 id
1530 3830 1666 3918 gravis-

419 4033 851 4044 ——m———n-

527 4163 550 4231 *)
568 4161 692 4218 11111111
710 4162 784 4216 haud
803 4176 867 4217 raro
887 4162 995 4217 ethnico
1014 4162 1122 4218 nomino
1141 4165 1281 4228 tamquam
1306 4164 1419 4233 proprio
1438 4167 1593 4233 appellatos
1612 4181 1670 4222 esse

421 4255 500 4311 docet
517 4251 629 4310 Meister
647 4250 677 4305 in
696 4251 801 4307 (lollitn.
820 4253 839 4307 l.
859 4253 877 4307 l.
898 4253 926 4307 l.
947 4253 968 4321 Ι,
987 4267 1014 4321 p.
1034 4254 1095 4323 411,
1115 4267 1178 4308 ann.
1198 4251 1233 4307 acl
1252 4266 1279 4307 n.
1300 4254 1348 4309 791
1371 4253 1396 4309 1.

515 4340 551 4406 **)
569 4341 665 4406 Itaque
684 4354 739 4394 non
758 4340 908 4394 audiendus
936 4343 976 4395 est
996 4341 1088 4412 lllach,
1108 4341 1155 4406 qni
1174 4339 1261 4408 (ldgh.
1283 4357 1309 4410 p.
1330 4343 1383 4398 498
1404 4356 1465 4398 ann.
1486 4345 1501 4398 2
1521 4341 1672 4398 intuitae

423 4431 515 4491 vorbis
534 4427 705 4511 ’Aooydpuo
753 4430 784 4483 in
802 4429 1004 4507 'lamroptao
1024 4431 1129 4486 mutari
1148 4431 1232 4485 iubet.
1254 4430 1370 4494 Quocum
1390 4431 1414 4485 si
1433 4431 1527 4501 facies,
1552 4431 1604 4485 duo
1623 4446 1674 4485 no-

422 4521 498 4576 mina
523 4520 659 4575 adiectivo
678 4519 751 4574 idam
770 4518 961 4586 significantia
986 4516 1201 4604 (Ἀνακτῡρία,
1228 4519 1388 4598 Μιλησία),
1413 4521 1521 4574 nullum
1540 4533 1604 4574 vero
1623 4534 1675 4574 no·

423 4626 485 4668 mon
502 4610 645 4680 proprium
673 4609 796 4679 habebis
815 4609 885 4675 qnod
905 4623 986 4675 quam
1005 4622 1164 4678 perversum
1184 4607 1229 4678 sit,
1249 4622 1327 4662 nemo
1343 4623 1397 4662 non
1416 4608 1499 4664 videt.

503 4698 554 4766 Μ*)
573 4701 592 4755 l·
611 4702 630 4755 l·
655 4715 676 4754 0·
698 4701 722 4755 9:
742 4698 806 4761 ὃ-τι
830 4702 889 4782 γάρ
915 4695 1019 4776 ἐκείνῳ
1047 4702 1092 4782 (so.
1119 4703 1162 4774 τῷ
1187 4697 1358 4781 Σωκράτει)
1387 4697 1597 4782 Ἀλκιβιάδης
1619 4698 1674 4760 καὶ

426 4793 588 4875 Χαρμίδης
623 4789 675 4855 καὶ
699 4793 848 4873 Φαῖδρος,
887 4795 981 4850 τοῦτο
1011 4795 1053 4881 τῇ
1079 4784 1208 4874 Λεσβίᾳ
1242 4787 1373 4872 sriptura
1410 4789 1463 4852 nul
1487 4787 1596 4877 Ἀτθὶς
1618 4791 1674 4860 καὶ

422 4898 707 4993 Ἀνακτορία,
