3736 6012
1012 535 1209 610 ..36-

485 776 685 863 comparata
717 789 789 842 esse
826 767 1067 862 animadverti,
1108 777 1146 842 ut
1184 768 1377 846 Ouidianae
1413 770 1582 862 epistulae
1619 771 1730 844 verbis

483 904 693 999 respondere
717 903 911 979 videantur.
938 905 993 977 Ita
1019 926 1098 978 cum
1122 929 1154 978 v.
1182 909 1240 977 27:

607 1040 681 1113 nt
706 1039 792 1114 mihi
818 1038 1004 1130 Pegasides
1030 1037 1261 1111 blandissima
1286 1040 1442 1112 carmina
1466 1038 1601 1114 dictant

484 1179 529 1251 53
555 1175 800 1265 fragmentum,
828 1195 849 1246 a
874 1171 1063 1246 Plutarcho
1089 1170 1146 1264 (de
1171 1171 1302 1262 garrul.
1320 1193 1348 1245 c.
1371 1173 1408 1266 5)
1435 1180 1621 1266 servatum,
1636 1172 1732 1246 miri-

482 1307 547 1383 fice
572 1309 743 1400 congruit,
769 1305 860 1401 quod
886 1305 1002 1396 Bergk
1028 1306 1050 1376 l.
1077 1305 1100 1377 1.
1128 1328 1161 1398 p.
1190 1309 1260 1378 704
1286 1307 1363 1380 iure
1387 1305 1566 1399 Sapphoni
1598 1307 1731 1381 tribuit:

625 1433 749 1548 Ἒγω
775 1441 890 1535 maipa
919 1431 1200 1531 ἰοπλοκάμων
1228 1441 1379 1514 Μοισᾶν
1407 1431 1458 1514 εὐ
1483 1429 1628 1538 λαχεῖν
1647 1440 1695 1532 *).

481 1575 592 1650 Porro
617 1576 707 1666 frag.
737 1579 794 1667 76,
821 1574 882 1646 uhi
907 1573 1042 1648 iuvenis
1069 1574 1210 1667 quidam

884 1706 1128 1815 Ναρκίσσου
1155 1701 1422 1816 τερενώτερος

483 1841 623 1936 dicitur,
650 1843 825 1917 commode
864 1841 909 1915 ad
935 1843 1110 1916 Phaonem
1149 1844 1271 1916 referri
1308 1850 1430 1935 potest,
1469 1864 1569 1934 quem
1602 1843 1731 1934 poetria

482 1975 576 2070 apud
602 1974 768 2051 Ovidium
806 1975 851 2049 ad
876 1978 950 2050 eius
977 1985 1132 2051 teneram
1172 1983 1320 2050 aetatem
1345 1975 1502 2051 alludens
1539 1999 1571 2048 v.
1600 1979 1645 2048 93
1678 1975 1731 2047 his

481 2110 598 2186 verbis
624 2110 816 2202 compellat:

629 2242 660 2318 0
687 2266 752 2318 nec
776 2229 893 2318 adhuc
917 2246 1062 2336 invenie,
1089 2264 1152 2318 nec
1177 2245 1247 2317 iam
1271 2265 1368 2337 puer.
1493 2241 1499 2266 ¹

581 2377 637 2450 Ad
662 2377 808 2453 eundem
847 2378 1024 2452 Phaonem
1063 2378 1149 2450 mihi
1186 2376 1365 2474 referenda
1402 2399 1476 2452 esse
1507 2375 1668 2450 videntur
1692 2396 1731 2447 ea

482 2515 649 2606 mrmina,
676 2523 822 2607 quorum
849 2512 1015 2606 reliquiae
1053 2512 1253 2586 decurtatae
1290 2535 1402 2606 nuper
1433 2515 1470 2587 in
1496 2512 1653 2606 Aegypto
1677 2532 1730 2582 re

478 2653 597 2739 pentae
622 2654 658 2721 et
681 2646 850 2721 aBlassio
865 2646 978 2719 editae
990 2653 1073 2720 sunt
1087 2647 1106 2686 *
1112 2647 1131 2686 ⁴*
1136 2655 1158 2736 >3
1189 2668 1275 2741 quas
1289 2647 1439 2737 Berglrio
1452 2645 1546 2719 haud
1559 2649 1731 2718 annuente
1834 2687 1835 2698 .

479 2782 596 2874 isqui
620 2779 729 2856 edidit
754 2783 876 2854 merito
916 2779 1108 2872 Sapphicas
1147 2803 1221 2855 esse
1246 2783 1378 2855 statuit:
1423 2781 1614 2854 sententiae
1639 2778 1730 2856 euim
1834 2765 1835 2810 ³

479 2915 518 2989 in
542 2915 587 2987 iis
612 2935 804 3007 expressae,
843 2921 1012 3007 quantum
1051 2914 1242 3004 esingulis
1278 2914 1394 2988 verbis
1420 2914 1570 2988 divinari
1609 2917 1730 3005 potest,

480 3049 607 3122 mirum
633 3049 671 3120 in
697 3047 836 3121 modum
861 3069 939 3120 cum
964 3049 1008 3119 iis
1034 3049 1265 3141 consentiunt,
1292 3047 1444 3142 quaein
1470 3045 1644 3122 ovidiana
1660 3045 1731 3137 epi-

480 3182 572 3258 stula
597 3186 745 3256 exstant.
772 3179 864 3256 Nam
890 3182 1042 3272 primum
1067 3204 1087 3254 e
1111 3181 1200 3273 frag.
1228 3186 1274 3257 56
1301 3182 1344 3256 B
1367 3204 1401 3255 v.
1429 3185 1450 3254 9
1479 3202 1529 3274 sq.
1556 3182 1670 3256 verbis

897 3315 1312 3448 commiseram

1084 3483 1303 3582 araneos

479 3620 637 3694 concludi
662 3627 776 3713 potest
813 3620 1032 3713 depoetriae
1070 3624 1180 3696 amico
1218 3620 1367 3715 quodam
1409 3624 1446 3695 in
1484 3623 1542 3698 illo
1581 3626 1733 3700 carmine

479 3756 548 3848 agi,
579 3755 679 3829 cuius
704 3755 920 3846 amplexibus
958 3755 1120 3829 delectari
1147 3755 1287 3831 solebat.
1322 3756 1536 3848 Quibuscum
1562 3758 1730 3851 conferas,

479 3909 568 3980 quae
593 3888 733 3981 Sappho
783 3888 951 3980 epistulae
976 3913 1030 3962 vv.
1058 3893 1104 3962 46
1131 3911 1217 3984 sqq,
1247 3895 1327 3984 127,
1357 3897 1424 3964 142
1454 3913 1539 3985 sqq,
1562 3896 1628 3966 191
1656 3914 1731 3986 sqq.
1832 3857 1833 3938 l

480 4020 575 4096 dicit.
602 4022 710 4095 Porro
735 4021 888 4096 eiusdem
912 4023 1001 4115 frag.
1028 4048 1082 4099 vv.
1111 4030 1217 4131 5-7;

773 4140 1110 4283 Aanmnrffnor

772 4285 1191 4409 Murranum

726 4410 1200 4502 xaploNllPomnoN

584 4671 609 4740 *)
628 4671 667 4728 ef.
688 4684 773 4740 supra
791 4685 818 4740 p.
840 4673 881 4742 18,
900 4671 945 4741 IX,
965 4671 994 4726 et
1012 4670 1089 4727 infra
1107 4685 1133 4739 p.
1152 4671 1195 4732 45.

572 4762 611 4830 ”J
629 4763 660 4819 X.
678 4761 776 4819 Rhein.
795 4762 862 4818 llus.
881 4761 976 4831 XXXX,
997 4762 1137 4819 287-290
1155 4765 1190 4827 (a.
1213 4762 1291 4827 1880)
1309 4761 1372 4818 coll.
1393 4759 1489 4828 Bergk.
1510 4762 1528 4817 l.
1547 4762 1567 4816 l.
1586 4757 1677 4828 fragg.
1696 4759 1730 4818 dd

478 4851 506 4907 A
524 4853 553 4907 et
570 4850 606 4924 B,
623 4853 762 4908 marton.
782 4853 801 4908 l.
820 4854 839 4908 l.
859 4866 906 4922 pp.
928 4852 1076 4921 174-181,
1094 4851 1142 4917 qui
1158 4851 1271 4907 illorum
1289 4865 1443 4919 pannorum
1471 4852 1613 4919 exemplar
1632 4850 1731 4922 photo-
1830 4847 1831 4896 l

479 4941 604 5012 typicum
623 4942 695 4999 lihro
715 4956 761 4997 suo
781 4941 906 5000 insenuit.

1816 5819 1829 5984 l
