3784 6014
739 481 932 555 ..39-

199 711 285 783 simo
310 713 505 784 testimonio
531 719 584 786 est
609 713 803 786 Romanum
828 719 964 803 poetam
992 712 1257 803 diligentissime
1282 712 1443 805 Sapphus

199 845 327 916 scrinia
339 852 594 936 perscrutatum
608 843 690 918 inde
703 846 767 918 hoc
781 867 915 938 qnoque
928 867 1053 918 nomen
1067 845 1329 937 deprompsisse.
1345 843 1443 938 Quod

198 978 243 1052 ad
255 982 365 1070 ipsam
390 1002 506 1053 vocem
533 982 666 1072 attinet,
693 969 845 1054 devci
863 1002 883 1052 a
900 970 1046 1066 aodbdr
1061 979 1230 1054 adiectivo
1250 978 1444 1052 derivatum

200 1122 262 1206 est,
289 1113 377 1207 qnod
403 1112 493 1186 idem
520 1113 695 1204 significat
720 1121 824 1207 atque
850 1116 993 1188 celeber.
1020 1115 1144 1207 ltaque
1170 1115 1212 1188 de
1237 1117 1310 1207 ipso
1336 1117 1445 1188 nomi-

199 1273 243 1324 ne
268 1273 338 1323 non
363 1258 464 1344 esset,
491 1274 553 1324 cur
577 1251 765 1351 dubitaret,
806 1253 875 1326 nisi
899 1252 982 1325 libri
1020 1253 1250 1345 manuscripti
1282 1252 1347 1325 hoc
1372 1252 1445 1343 epi-

199 1387 309 1460 stulae
332 1386 406 1460 loco
431 1408 640 1478 magnopere
665 1387 883 1461 fluctuarent.
916 1388 1052 1461 Vriesio
1079 1389 1172 1460 enim
1198 1394 1287 1462 teste
1308 1387 1333 1457 ·l.
1360 1386 1383 1456 l.
1410 1407 1443 1476 p.

200 1528 244 1597 22
270 1524 390 1615 optimi
415 1522 547 1609 codices
572 1523 745 1596 exhibent:
774 1520 947 1616 Cydr03
974 1524 1011 1594 in
1035 1523 1134 1595 libris
1159 1529 1275 1595 autem
1300 1521 1441 1595 inferio-

198 1660 247 1730 ris
272 1665 375 1730 notae
400 1658 467 1730 bae
490 1658 610 1731 variae
633 1657 796 1731 lectiones
823 1662 970 1730 exstant:
1012 1657 1134 1750 cidno,
1163 1658 1249 1749 Clio,
1278 1653 1444 1748 Oidnolle,

149 1851 155 1862 .
201 1791 390 1884 Cidrio,
420 1790 593 1883 Gadro,
620 1790 790 1886 Sydro‚
818 1790 972 1884 Cathno,
995 1791 1120 1883 Credo,
1160 1791 1338 1864 Bentleius
1363 1812 1445 1863 vero

199 1928 303 2000 nimis
328 1927 493 2000 audacter
519 1928 676 2000 coniecit:
702 1926 792 2000 Vilis
819 1927 906 1998 mihi
933 1926 1034 2000 crede
1074 1926 1240 2022 Gyrinno.
1280 1925 1446 1998 Attamen

199 2064 385 2136 lectionem·
396 2063 603 2153 optimorum
618 2060 773 2133 codicum
787 2061 890 2133 unice
903 2075 1020 2134 veram
1035 2081 1109 2132 esse
1118 2066 1153 2133 11
1166 2061 1203 2132 in
1217 2059 1446 2132 deterioribus

201 2219 334 2291 quoque
370 2197 469 2268 libris
502 2197 575 2268 eius
601 2195 747 2285 vestigia
773 2200 910 2267 exstare
933 2194 1053 2286 procul
1079 2192 1183 2267 dubio
1216 2193 1446 2266 demonstrari

200 2337 322 2424 potest.
363 2330 453 2402 Nam
478 2331 516 2403 in
551 2330 630 2401 Ald.
659 2329 775 2403 Cornu
803 2328 885 2421 Cop.
915 2329 1042 2402 268B
1080 2329 1276 2402 mutilatum
1313 2327 1445 2400 Aeolici

199 2470 322 2556 poetae
348 2462 527 2552 cuiusdam
551 2465 783 2555 fragmentum
822 2469 944 2554 exstat,
984 2462 1074 2554 quod
1111 2463 1230 2552 Bergk
1269 2461 1444 2553 Sapphoni

200 2596 428 2690 probabiliter
453 2595 645 2670 vindicavit
673 2597 718 2690 (v.
745 2597 833 2686 frag.
863 2597 936 2690 71):

298 2731 404 2838 ripale
431 2721 625 2820 §redddam
650 2711 830 2842 yvoioaao
856 2741 890 2814 >a
919 2729 990 2820 τήν
1019 2718 1303 2826 demodocum.

200 2868 243 2938 In
268 2889 360 2958 uoce,
388 2889 491 2959 quam
517 2868 675 2958 appictus
702 2867 887 2938 asteriscus
914 2865 1080 2957 sequitur,
1102 2860 1213 2935 haud
1257 2860 1362 2934 dubie
1386 2883 1446 2935 no-

200 3021 281 3072 men
306 3001 485 3092 proprium
510 3001 613 3092 inest,
640 2999 731 3091 quod
757 3001 827 3072 iam
853 2998 1017 3088 Hartung
1042 2995 1131 3070 vidit
1157 2997 1207 3069 ita
1233 2997 1421 3086 corrigens:

296 3128 437 3235 Ἥρων
464 3122 658 3222 creditura
684 3129 842 3233 Γυάρω
870 3131 944 3205 raia
971 3121 1288 3230 racaddpopoo.

197 3265 271 3338 Alii
295 3267 381 3340 alias
407 3267 621 3339 coniecturas
646 3273 909 3358 proposuerunt,
938 3288 1023 3357 quas
1049 3289 1081 3338 v.
1096 3263 1189 3356 apud
1203 3256 1330 3354 Bergk.
1345 3264 1368 3334 l.
1383 3264 1443 3356 11)

197 3399 370 3492 Equidem
395 3421 476 3472 vero
503 3421 579 3474 eam
603 3421 720 3473 vocem
747 3406 947 3491 corruptam
973 3420 1048 3472 esse
1074 3404 1108 3471 et
1133 3400 1171 3470 in
1196 3398 1256 3470 illa
1275 3399 1448 3488 scriptura

198 3536 304 3606 huius
329 3556 432 3627 quam
447 3533 592 3607 Ovidius
607 3541 849 3607 commemorat
875 3533 1072 3628 Cydrns
1097 3554 1221 3606 nomen
1248 3532 1449 3605 delitescere

198 3688 333 3740 censeo.
361 3667 459 3759 Quod
484 3668 612 3740 litteris
638 3668 837 3741 maiusculis
865 3672 1044 3741 exaratum
1070 3667 1224 3757 apertius
1249 3664 1320 3737 liet:

527 3794 529 3802 ⁴
628 3800 803 3873 ΓΥΑΡΩ

628 3930 800 4008 ΚΥΔΡΩ

197 4069 334 4141 Versus
359 4075 475 4150 autem
502 4075 555 4140 est
580 4090 692 4160 neque
718 4065 954 4159 asclepiadeus
980 4069 1100 4160 maior,
1140 4066 1230 4160 quod
1271 4067 1389 4158 Bergk
1415 4074 1450 4139 et

309 4465 332 4536 *)
350 4466 435 4523 Illach
453 4467 541 4535 Gdgh.
563 4481 590 4536 p.
609 4468 661 4524 499
682 4469 710 4522 11
729 4467 796 4524 Sittl
813 4469 833 4522 l.
852 4468 872 4522 l.
891 4481 917 4535 p.
938 4468 989 4524 329
1009 4480 1072 4522 ann.
1093 4468 1108 4524 3
1128 4481 1189 4520 cum
1207 4465 1324 4534 Bergkio
1337 4462 1448 4549 Ἥρων
1554 4473 1555 4476 ’

199 4554 233 4622 ἐκ
258 4556 381 4639 [adona
400 4557 522 4624 legentes
541 4556 613 4611 hanc
632 4570 726 4612 vocem
743 4556 830 4611 Herus
849 4555 971 4625 patriam
989 4555 1149 4623 significare
1168 4555 1277 4625 putant,
1311 4569 1371 4610 oum
1390 4569 1451 4610 vcr-

199 4648 274 4703 tunt:
301 4648 399 4703 Hero
429 4662 499 4704 von
527 4649 571 4702 vel
599 4662 666 4702 aus
694 4647 854 4717 liparas
881 4648 1005 4702 attamen
1033 4661 1097 4702 sane
1116 4647 1217 4702 mirum
1236 4649 1308 4703 esset
1326 4648 1450 4717 puellam

200 4737 295 4804 oraro
322 4736 415 4792 insula
442 4735 594 4806 oriundam,
622 4735 671 4792 ubi
693 4737 826 4793 Strabone
854 4737 924 4791 testa
950 4739 983 4804 (c.
1012 4737 1074 4802 485)
1101 4737 1272 4806 pauperrimi
1300 4738 1450 4807 piscatores

200 4826 368 4897 incolebant,
388 4825 423 4881 ad
442 4826 613 4896 Sapphoucm
632 4826 785 4906 prolectam
814 4841 881 4898 esse,
909 4827 941 4880 ut
959 4825 1033 4906 apud
1052 4840 1110 4880 eam
1126 4826 1225 4892 studiis
1243 4827 1451 4892 humanioribus

202 4930 315 4985 operam
334 4916 458 4984 navaret,
