3736 6012
557 937 662 1011 Initio
688 938 776 1028 frag.
805 942 825 1008 2
852 937 907 1010 vir
932 935 1073 1029 quidam
1097 957 1175 1012 cum
1201 936 1269 1009 diis
1295 943 1526 1028 comparatur:

672 1070 877 1146 paruerat
902 1093 984 1168 μοι
1012 1072 1127 1161 uiroc
1153 1066 1551 1162 erogatorum

674 1201 696 1279 ἔ
706 1228 741 1302 μ
756 1228 792 1302 μ
806 1229 856 1280 εν
882 1201 999 1310 ὥνηρ.

460 1338 548 1411 Item
573 1340 612 1413 in
636 1339 696 1413 illo
721 1341 945 1433 epithalamio
973 1340 1075 1434 (frag.
1104 1345 1147 1412 91
1175 1365 1208 1415 v.
1239 1343 1277 1436 3)
1321 1349 1467 1433 sponsus
1493 1361 1571 1414 cum
1596 1339 1719 1411 Marte

461 1474 691 1563 componitur:

673 1605 870 1706 Γάιιβρος
895 1605 1069 1713 ἔρχεται
1097 1588 1222 1696 ἶσος
1243 1604 1299 1680 ”A
1314 1629 1371 1716 ρε
1388 1630 1420 1682 v
1437 1614 1453 1682 i
1470 1610 1517 1703 *l

461 1741 597 1834 Quibus
623 1743 754 1816 similes
779 1744 933 1818 Phaonis
960 1766 1038 1817 cum
1065 1743 1131 1816 diis
1146 1746 1420 1837 comparationes
1442 1743 1536 1836 apud
1549 1743 1717 1819 Ovidium

462 1876 529 1950 hae
554 1883 637 1950 sunt
664 1877 710 1970 (v.
738 1881 784 1950 22
811 1880 890 1972 aq.):

607 2009 713 2083 Sume
751 2010 854 2085 fidem
893 2019 927 2086 et
977 2012 1190 2104 pharetram,
1240 2011 1341 2084 lies
1392 2012 1717 2183 munixfesflus

1562 2132 1619 2203 pu
1680 2134 1713 2184 οε

676 2244 853 2318 Accedant
880 2246 987 2336 capiti
1011 2265 1152 2337 cornua,
1179 2243 1413 2328 Bacchus
1440 2247 1553 2318 cris.
1639 2277 1648 2290 ·

462 2378 571 2451 Porro
593 2402 626 2452 v.
656 2382 737 2452 188:

674 2511 721 2586 Et
744 2513 855 2588 forma
881 2520 916 2586 ct
941 2514 1075 2586 meritis
1100 2521 1140 2587 tu
1153 2513 1241 2587 mihi
1266 2513 1503 2587 Phoebus
1530 2516 1716 2608 eris**).

463 2646 532 2718 Hic
556 2623 692 2739 quoque
718 2648 844 2719 iterum
870 2647 1031 2738 recurrit,
1073 2646 1163 2740 quod
1201 2647 1271 2720 iam
1298 2669 1404 2738 supra
1441 2648 1713 2737 observavimus3

463 2801 542 2852 cum
568 2780 661 2852 euim
686 2780 826 2872 Sappho
852 2782 889 2852 in
915 2780 1029 2871 priore
1053 2780 1250 2870 fragmento
1275 2781 1313 2853 in
1338 2781 1540 2852 universum
1573 2781 1712 2855 dixerit:

463 2909 555 3000 ἶσος
581 2908 644 2988 θέ
662 2922 759 2989 οισ
768 2935 828 3005 ιν,
869 2911 1016 2986 Ovidius
1042 2912 1275 2986 universalem
1301 2914 1475 2986 notionem
1514 2913 1714 3006 Apolli-

463 3069 531 3142 ne,
556 3047 762 3141 Baccho,
789 3048 990 3121 Phoebo
1016 3048 1204 3121 nominatis
1230 3049 1427 3121 accuratius
1452 3049 1633 3139 expressit.

1048 3317 1125 3389 XII.

560 3550 737 3625 Pudenter
761 3551 833 3623 fere
859 3548 986 3623 eisdem
1012 3548 1127 3620 verbis
1154 3547 1246 3639 apud
1271 3554 1458 3643 utrumque
1474 3523 1593 3623 ⁸coitus
1619 3572 1718 3623 men·

462 3687 592 3759 tionem
618 3683 695 3758 fieri
720 3683 914 3756 ridebimus
941 3681 1063 3755 collato
1088 3704 1120 3753 v.
1151 3684 1218 3753 133
1247 3703 1326 3753 cum
1351 3682 1439 3772 frag.
1467 3687 1525 3755 28:

609 3819 884 3894 Ulteriora
909 3817 1071 3910 pudet
1095 3839 1325 3890 narrare.

612 3949 685 4047 (αι’)
709 3948 766 4051 μή
795 3974 840 4025 οι
867 3949 1012 4043 Γείπην
1048 3941 1205 4041 γλώσσ’
1230 3945 1356 4025 ἐκύκα
1384 3947 1521 4023 ariao
1537 3973 1566 4034 ν,

610 4077 788 4172 uillae
815 4081 869 4158 κέ
899 4083 935 4159 σ’
960 4083 1030 4158 ori
1056 4082 1293 4180 κίχανεν
1320 4077 1549 4175 rinctus,

677 4209 772 4292 ἄλλ’
797 4207 1039 4330 ἔλεγες..

569 4550 641 4617 Ἣ.
660 4549 716 4604 iarn
736 4549 809 4619 apud
827 4549 973 4605 Humerum
990 4547 1046 4613 (ilci.
1066 4548 1140 4618 vill,
1161 4548 1229 4613 lli):

819 4637 1009 4726 βροτολοιγῷ
1033 4631 1096 4712 ἶσος
1113 4634 1218 4718 ’'Appc.

552 4693 596 4812 ’**)
613 4744 653 4802 II
671 4745 744 4814 frag.
765 4748 779 4802 2
800 4744 914 4814 propius
931 4742 1066 4798 accedunt
1083 4743 1242 4800 Catulliana
1259 4746 1292 4809 (c.
1312 4744 1356 4814 il,
1374 4742 1430 4808 inp

784 4836 836 4893 Ille
855 4833 894 4888 mi
912 4848 965 4907 par
984 4846 1041 4886 esse
1060 4833 1109 4892 deo
1128 4833 1246 4892 videtur.
