3736 6012
708 483 907 555 ..23-

755 711 851 816 mn.

209 973 211 976 .
277 907 325 980 Et
349 909 442 1001 apud
470 909 632 983 Ovidium
658 933 689 981 5.
721 914 789 984 155
817 933 865 1002 sq.
909 918 944 983 et
968 911 1055 1000 lrag.
1085 915 1129 986 52
1156 913 1290 1001 poetria
1322 913 1429 988 amati

180 1041 350 1116 desiderio
376 1045 531 1116 confecta
570 1065 729 1117 somnum
768 1065 890 1135 capere
916 1045 1036 1136 nequit
1068 1052 1102 1117 ct
1127 1044 1281 1118 desolata
1307 1027 1429 1119 diu‘iu

179 1185 314 1250 noctem
340 1199 439 1251 suam
463 1178 638 1251 fortunam
665 1177 831 1269 deplorat:

473 1310 1257 1403 Sapphodesertoscantatamores
1370 1303 1374 1314 '

325 1447 515 1538 Hactenus,
540 1453 582 1519 ut
607 1445 770 1519 media
796 1453 911 1519 cetera
936 1453 1086 1519 nocte
1111 1445 1215 1518 silent
1231 1446 1279 1539 *1.

568 1675 572 1685 Ι
770 1579 995 1678 ..μέσαι
1035 1571 1090 1654 ric'

392 1709 489 1791 νύκ
504 1741 531 1790 r
546 1741 562 1790 ε
579 1741 609 1811 ς,
635 1709 755 1818 nopai
782 1708 819 1791 δ’
845 1715 1022 1818 ἔρχεται,
1047 1713 1148 1823 ὥρα,

393 1847 479 1957 ἔγω
505 1842 547 1924 di
577 1848 723 1942 μόνα
750 1841 1107 1942 aureolam).

752 2119 845 2193 XIV.

272 2353 420 2444 Propter
443 2353 589 2426 eandem
616 2375 756 2426 causam
784 2354 916 2443 poetria
941 2377 973 2426 v.
1004 2356 1072 2426 195
1099 2375 1172 2446 sqq.
1215 2337 1428 2428 lamentatur

176 2510 214 2560 55
240 2509 353 2580 neque
378 2488 533 2560 carmina
558 2509 711 2579 pangere
736 2508 849 2579 neque
860 2486 1009 2579 psallere
1021 2509 1133 2578 posse,
1159 2487 1195 2558 id
1209 2487 1300 2579 quod
1313 2496 1427 2579 poste·

175 2623 267 2694 riore
290 2621 363 2694 loco
388 2623 539 2713 positum
566 2628 628 2713 est,
657 2620 803 2694 Ovidius
828 2645 860 2694 v.
891 2624 961 2694 198Ὶ
987 2623 1042 2694 his
1068 2621 1183 2694 verbis
1209 2621 1388 2712 expressit:

236 2752 445 2827 Plectra
471 2754 586 2828 dolore
611 2754 893 2847 tacentiii),
920 2761 1055 2827 muta
1082 2754 1198 2827 dolore
1222 2753 1339 2848 lyra
1363 2761 1425 2828 est.

281 3083 304 3151 *)
321 3084 382 3141 Birt
400 3087 420 3141 l.
438 3086 458 3140 l.
478 3099 504 3154 p.
523 3084 573 3142 431
603 3084 723 3139 Romano
751 3083 847 3152 poetae
876 3082 983 3140 Gallim.
1003 3082 1076 3152 frag.
1098 3085 1147 3142 155
1173 3084 1348 3142 obversatum
1368 3099 1424 3142 5555

175 3175 284 3247 statuit3
303 3174 373 3241 quod
386 3176 524 3241 -quantum
544 3173 692 3229 abhorreat
711 3188 728 3228 a
746 3172 852 3245 latinis,
872 3173 930 3243 ipsc
950 3173 1051 3230 videas:

351 3262 506 3334 Halieion
529 3261 582 3328 nai
606 3267 725 3329 555555
750 3261 844 3346 ἤλασ’
867 3261 965 3348 ἄωρον
988 3259 1064 3328 ἄπο.

174 3372 300 3429 (letarum
318 3373 378 3428 Birt
405 3371 472 3428 ibid.
500 3373 704 3440 pentametrum
732 3385 878 3441 perperam
896 3372 1108 3441 intorpretatur
1138 3372 1207 3429 «lruc
1231 3386 1314 3439 usone
1335 3374 1426 3429 cetera

174 3461 1101 3532 sirentoucsimedisnoxsit»;vooesuaetenusut
1129 3461 1426 3520 idomvclereviden·
1476 3495 1480 3514 ι

174 3551 221 3606 tur
240 3541 321 3618 atque
339 3564 459 3617 usque
478 3551 569 3622 dum,
588 3551 716 3621 donec,
736 3553 768 3604 ut
786 3551 842 3605 iam
861 3550 996 3605 Domitius
1015 3549 1177 3606 dalderinus
1192 3551 1272 3622 vidit,
1292 3548 1327 3608 51.
1339 3550 1424 3607 Vries.

174 3641 192 3695 l.
213 3641 232 3694 l.
252 3654 278 3708 p.
300 3641 334 3696 94
352 3641 432 3710 med,
451 3641 499 3707 qui
519 3655 580 3694 cum
599 3639 687 3695 Birtio
706 3639 784 3694 facit.

268 3728 304 3796 **)
321 3729 395 3786 llock
414 3733 433 3787 l.
452 3732 472 3786 l.
492 3745 517 3799 p.
538 3730 580 3802 34,
600 3728 732 3807 55115555
751 3730 835 3784 verba
854 3730 1028 3799 Sapphcnom
1047 3731 1137 3784 miuus
1165 3730 1260 3786 decoro
1279 3730 1339 3788 5155
1358 3731 1423 3802 sint,

173 3821 309 3890 poetriam
327 3835 382 3875 uon
400 3820 432 3876 de
452 3834 479 3876 55
499 3821 568 3891 ipsa,
588 3819 634 3874 555
653 3819 685 3874 55
706 3819 763 3875 5115
782 3818 900 3885 quadam
920 3817 1020 3874 misera
1048 3820 1143 3888 puella
1172 3833 1203 3874 ea
1223 3820 1307 3876 verbo
1331 3819 1423 3876 iacere

174 3909 263 3978 putat,
291 3920 360 3973 quae
388 3907 417 3961 iu
444 3908 580 3963 nocturna
607 3908 755 3964 solitudine
785 3908 871 3963 amati
899 3908 1034 3964 desiderio
1050 3910 1157 3965 trustra
1185 3911 1322 3982 enecetur,
1341 3922 1423 3976 quom

175 3998 384 4068 explicationem
402 3999 504 4054 falsam
523 4012 580 4053 5555
600 3999 655 4053 iam
675 4013 706 4053 ex
726 3997 816 4055 ovidii
835 3997 991 4054 imitatione
1010 3997 1149 4070 discimus,
1170 4000 1280 4070 collato,
1299 3999 1370 4066 quod
1389 3999 1424 4056 55

173 4102 232 4143 rein
250 4088 361 4159 attinet,
380 4087 507 4157 Sapphus
525 4087 598 4156 frag.
621 4089 678 4146 130.

252 4177 303 4244 m)
321 4178 386 4235 (lum
405 4177 522 4233 absurde
541 4177 645 4233 dictum
665 4192 722 4233 5555
742 4178 878 4233 videatur:
897 4179 1006 4247 plectra
1024 4179 1111 4234 tace
1122 4175 1336 4248 ntssploctrum
1350 4178 1423 4234 enim

172 4269 262 4339 ipsum
280 4268 391 4323 minime
410 4281 505 4322 sonum
524 4267 645 4337 reddere,
665 4268 830 4323 sedtantum
850 4269 957 4323 efficere
977 4271 1083 4324 nonest
1094 4269 1166 4336 quod
1185 4269 1423 4325 moneam-Vries

172 4362 191 4416 1.
210 4360 230 4414 l.
249 4373 274 4428 p.
296 4361 345 4417 158
375 4358 521 4414 secundum
541 4358 605 4414 edit.
625 4359 689 4414 Van.
708 4360 834 4426 (51558)
852 4359 893 4414 ita
912 4358 1057 4427 legendum
1085 4374 1141 4415 5555
1170 4360 1286 4416 censuit:
1313 4361 1423 4416 Plectra

172 4449 265 4504 dolore
284 4449 427 4505 iacent.
448 4448 519 4513 Quae
538 4449 655 4504 mutatio
674 4463 838 4514 quamquam
857 4450 1004 4518 propterca
1022 4463 1104 4516 quam
1122 4450 1239 4506 maxima
1253 4450 1423 4506 commenda·

172 4539 227 4609 tur,
246 4538 316 4605 quod
335 4537 469 4594 traditam
488 4538 656 4608 scripturam
674 4537 813 4594 levissime
834 4537 959 4608 corrigit,
986 4539 1080 4593 tomen
1098 4538 1236 4594 reicienda
1255 4540 1304 4595 est.
1329 4538 1422 4596 Ouidio

172 4626 254 4698 euim,
273 4643 334 4683 curn
352 4627 379 4684 lr.
400 4643 424 4684 5.
454 4627 567 4684 eandem
594 4627 761 4683 seutentiam
788 4626 925 4682 rhetorice
953 4629 1078 4696 repetere
1098 4629 1191 4698 redet,
1208 4627 1293 4693 ,idom
1312 4626 1421 4684 accidit‘

170 4717 242 4784 quod
261 4717 359 4774 551555
377 4721 444 4784 (5.5.
464 4718 602 4800 nunant:
622 4718 656 4773 ab
666 4719 781 4784 utroque
792 4717 865 4771 onim
876 4718 1011 4774 vocabula
1031 4719 1195 4800 πλῆκτρον
1216 4718 1243 4772 et
1262 4715 1423 4799 πηκτὶς

171 4805 284 4862 confusa
318 4821 373 4862 5555
401 4801 537 4864 videntur.
576 4809 612 4864 De
631 4807 739 4879 pectide
768 4808 859 4862 autem
879 4806 914 4865 ci.
934 4807 1031 4866 Athen.
1061 4821 1087 4880 p.
1109 4808 1159 4867 535
1188 4804 1215 4858 Β
1235 4808 1296 4863 coil.
1317 4806 1419 4882 Suppli.

170 4897 242 4970 frag.
265 4900 322 4960 122.
