3736 6012
505 1569 1087 1730 enonueonunm.

269 1927 312 2000 In
335 1891 462 2000 melica
488 1925 702 2000 Graecorum
728 1929 885 2001 carmina
900 1934 1069 2020 quantum
1083 1929 1215 2003 iniuria
1229 1936 1423 2022 temporum
1534 2015 1536 2018 ,

171 2067 331 2150 grassata
343 2066 446 2155 esset,
471 2039 571 2134 nemo
597 2062 734 2153 estqui
760 2083 830 2134 non
855 2063 1044 2140 sexcenties
1071 2061 1311 2155 deploraverit.
1333 2062 1422 2136 Cum

170 2203 205 2269 et
229 2195 267 2269 in
293 2195 541 2270 Alexandrinis
582 2202 617 2270 et
657 2197 693 2268 in
730 2196 954 2286 Pergamenis
993 2196 1212 2270 bibliothecis
1245 2199 1424 2289 praeclara

171 2330 382 2405 Graecorum
409 2332 542 2422 ingenii
556 2338 780 2404 monumenta
799 2333 873 2404 eius
888 2335 1025 2434 generis
1055 2333 1263 2426 exstiterint,
1291 2334 1336 2407 ad
1361 2355 1422 2440 nos

171 2468 322 2558 exceptis
348 2465 494 2540 Pindari
534 2466 693 2556 epiniciis
734 2467 1084 2558 perpaucissimisque
1131 2473 1322 2540 ceterorum
1343 2467 1423 2541 odis

171 2603 317 2692 integris
343 2602 447 2711 exilia
473 2603 669 2675 carminum
696 2601 895 2675 melicorum
923 2602 1119 2693 fragmenta
1145 2601 1333 2696 depravata
1348 2626 1423 2678 cor-

113 2825 116 2830 ,
169 2751 273 2836 rupta
299 2744 439 2835 saepius
465 2764 570 2815 sensu
596 2763 695 2815 cassa
719 2743 808 2814 forte
832 2742 972 2815 fortuna
997 2749 1240 2835 pervenerunt,
1280 2765 1321 2816 ex
1346 2743 1447 2836 qui·
1485 2747 1486 2752 ’

170 2875 235 2949 bus
262 2875 472 2950 Graecorum
498 2875 611 2967 poesis
637 2875 779 2947 melicae
817 2875 1068 2966 praestantiam
1105 2897 1177 2948 non
1195 2896 1421 2972 cognoscere,

167 3011 226 3085 sed
252 3019 391 3086 tantum
417 3011 576 3085 divinare
613 3012 666 3086 vel
694 3013 754 3084 ubi
778 3011 967 3103 plurimum
1008 3018 1048 3084 ut
1072 3014 1122 3086 ita
1147 3011 1261 3086 dicam
1297 3000 1420 3104 primis

167 3147 268 3221 lineis
295 3147 483 3238 designare
504 3147 596 3220 licet.

217 3273 220 3279 ’
264 3281 345 3354 Jam
370 3281 550 3374 quaeritur
576 3301 663 3372 quae
688 3280 910 3371 potissimum
948 3301 1072 3353 causae
1096 3280 1238 3374 suerint,
1278 3288 1423 3374 propter

166 3438 253 3508 quas
279 3417 452 3507 imprimis
479 3415 601 3488 melica
626 3414 739 3506 poesis
765 3419 837 3486 mm
860 3435 983 3487 manca
998 3420 1102 3506 atque
1115 3413 1296 3488 decurtata
1308 3386 1423 3507 poste-v

165 3548 264 3622 ritati
292 3525 423 3623 tradita
448 3555 550 3622 esset.
577 3548 658 3622 Non
683 3547 838 3623 dubitari
863 3554 977 3655 potest
1001 3548 1087 3640 quin
1113 3549 1229 3639 prima
1254 3551 1423 3639 gravissi—

166 3703 291 3776 maque
327 3704 432 3756 causa
473 3684 587 3775 posita
627 3683 674 3755 sit
711 3683 749 3755 in
789 3655 940 3756 aeolicae
977 3689 1080 3774 atque
1106 3681 1245 3756 doricae
1285 3682 1423 3760 dialecti

166 3811 441 3908 difficultatibus,
481 3815 606 3908 quibus
646 3837 716 3888 non
757 3815 868 3888 solum
906 3814 1020 3907 latini,
1064 3813 1123 3888 sed
1162 3817 1267 3890 etiam
1305 3793 1423 3910 graeci
1470 3895 1473 3901 ,

167 3947 323 4034 homines
349 3946 507 4021 deterriti
526 3955 628 4041 sunt,
665 3948 850 4040 quominus
889 3947 958 4019 illis
985 3948 1200 4021 carminibus
1226 3948 1423 4024 ediscendis

170 4081 408 4157 describendis
433 4081 668 4176 propagandis
695 4104 834 4174 operam
859 4088 1040 4156 navarent.
1078 4082 1177 4175 Quod
1202 4105 1322 4158 verum
1349 4107 1423 4159 esse

168 4224 203 4290 et
228 4216 501 4291 innumerabiles
527 4217 661 4306 glossae
674 4238 693 4289 e
706 4217 837 4289 melicis
864 4201 1078 4290 carminibus
1104 4220 1233 4308 petitae
1247 4225 1424 4296 testantur

168 4360 203 4427 et
228 4353 452 4447 antiquorum
478 4352 637 4447 nonnulli
663 4353 731 4443 ipsi
757 4352 865 4425 libere
890 4352 1056 4446 fatentur,
1089 4359 1129 4426 ut
1154 4353 1337 4449 Didymus²
1363 4357 1423 4449 qui

168 4487 206 4559 in
232 4487 373 4561 scholiis
411 4486 456 4560 ad
494 4486 722 4579 Aristophan.
762 4485 1010 4578 Thesmophor.
1052 4511 1085 4562 v.
1115 4492 1196 4562 169:
1239 4486 1297 4562 ον’
1321 4485 1422 4602 γάρ,

169 4623 293 4716 inquit,
315 4609 562 4698 ‘emunctae
586 4612 642 4708 sta*
668 4609 877 4697 Ἀλκαίου
916 4611 1014 4696 dcci
1054 4617 1154 4710 τήν
1192 4611 1425 4699 διάλεκ-

170 4778 198 4827 r
213 4778 236 4827 ο
251 4779 280 4827 ν.
308 4755 417 4828 Porro
442 4755 533 4829 Dion
538 4757 583 4850 ju,1
593 4781 630 4826 us
644 4776 780 4848 quoque
793 4755 1113 4828 Halicarnassensis
1138 4753 1276 4830 devett.
1303 4759 1423 4850 script.

169 4911 261 4964 cens
290 4912 317 4963 s.
337 4914 370 4964 v.
397 4883 596 4978 Ἀλκαῖος
623 4890 708 4963 haec
734 4897 861 4963 censet:
888 4878 1099 4965 Ἀλκαίου
1119 4881 1165 4964 δέ
1193 4887 1340 4964 σκόπει
1369 4883 1424 4966 τό

1215 5031 1233 5104 1
