3736 6012
534 1651 536 1655 .
666 1552 946 1690 Oapui
996 1550 1020 1664 Ι.

216 1835 278 1902 De
299 1829 498 1913 *Sapphus
524 1824 782 1896 carminibus
808 1823 1038 1895 ovidianae
1052 1825 1247 1907 Sapphus
1264 1827 1470 1908 epistulae

659 1947 776 2020 fonte
814 1947 1029 2031 primario.

318 2198 428 2272 Nemo
453 2200 506 2267 est
530 2215 631 2285 quem
656 2193 766 2284 fugiat
792 2169 957 2265 Ovidium
982 2213 1044 2282 per
1073 2192 1182 2266 multa
1215 2196 1350 2267 saecula
1376 2198 1472 2287 inge-

218 2333 455 2408 niosissimum
480 2329 714 2400 Romanorum
729 2333 907 2417 poetarum
923 2324 1080 2398 habiturn
1094 2329 1220 2419 esset).
1248 2329 1343 2420 Quae
1356 2332 1472 2421 opinio

219 2457 470 2538 recentioribus
496 2458 721 2550 temporibus,
753 2479 830 2530 cum
858 2457 896 2529 in
920 2458 1032 2530 fontes
1058 2464 1163 2550 atque
1180 2459 1321 2553 auxilia,
1347 2463 1474 2554 quibus

220 2600 314 2674 Naso
339 2596 514 2685 utebatur,
542 2592 698 2665 homines
725 2590 817 2664 docti
842 2591 1040 2663 accuratius
1066 2593 1243 2684 inquirere
1270 2580 1473 2687 coepissent,

221 2734 333 2824 magis
359 2731 538 2821 magisque
563 2727 827 2820 immutabatur,
866 2729 916 2800 ita
956 2734 996 2799 ut
1021 2726 1123 2800 hodie
1163 2729 1256 2802 haud
1294 2733 1475 2824 quisquam

223 2869 431 2960 reperiatur,
472 2865 531 2956 qui
558 2885 633 2935 eam
677 2869 874 2935 sustentare
899 2863 1036 2954 audeat,
1080 2862 1277 2956 etquidem
1303 2867 1389 2939 iure:
1417 2867 1477 2940 ubi

223 3002 316 3075 enim
354 3008 407 3072 est
431 2997 519 3071 illud
557 2997 841 3087 ingenium,
878 2995 969 3088 quod
1005 2998 1149 3067 summis
1174 2997 1337 3070 laudibus
1364 3001 1478 3074 efferri

224 3134 364 3227 solebat,
394 3134 423 3204 si
450 3134 488 3204 iu
515 3127 697 3204 Ouidianis
723 3129 993 3202 innumerabilia
1018 3131 1166 3220 vestigia
1206 3138 1241 3204 et
1267 3113 1492 3208 Graecorum¹

225 3275 260 3343 et
284 3270 519 3342 Romanorum
549 3264 744 3337 carminum
770 3263 897 3355 ubique
936 3265 1090 3337 exstant?
1130 3264 1479 3384 Transsormationes

225 3402 336 3494 Fasti,
362 3398 544 3492 Heroides,
569 3398 639 3471 alia
664 3404 799 3472 scatent
823 3397 992 3470 eiusmodi
1018 3399 1193 3491 exemplis
1234 3421 1380 3492 quorum
1415 3425 1480 3476 nu-

227 3556 344 3609 merus
371 3540 464 3607 certe
488 3534 591 3623 longe
618 3534 728 3606 maior
754 3531 927 3624 evaderet,
954 3535 985 3604 si
999 3533 1211 3607 Graecomm
1226 3535 1481 3608 Romanorum—

228 3688 294 3761 que
320 3669 460 3758 scriptis
498 3666 570 3738 fata
607 3667 852 3756 pepercissent.
895 3664 996 3737 Unde
1034 3667 1192 3757 sequitur
1230 3667 1324 3740 illam
1363 3675 1484 3759 poetae

229 3803 362 3901 ingenii
394 3800 532 3873 laudem
558 3802 596 3873 in
623 3801 736 3872 maius
761 3805 899 3873 auctam
939 3821 1013 3872 esse
1040 3799 1272 3892 Ovidiumque
1304 3804 1419 3893 potius
1446 3805 1483 3875 in

229 3934 409 4009 doctorum
434 3943 616 4026 poetarum
642 3955 826 4007 numerum
851 3932 1080 4024 redigendum
1106 3955 1192 4027 esse,
1230 3936 1291 4027 qui
1317 3934 1483 4009 sollertis-

231 4071 317 4144 sime
356 4069 492 4143 fabulas
530 4073 805 4159 argumentaque
843 4067 998 4160 undique
1036 4068 1213 4158 colligeret
1230 4070 1291 4163 aa)
1332 4078 1367 4144 et
1398 4093 1486 4164 quae
1537 4043 1541 4050 ’

233 4205 427 4296 collegisset
452 4211 531 4296 apte
555 4210 766 4296 venusteque
791 4204 830 4276 in
856 4225 977 4277 versus
1003 4204 1187 4294 redigeret,
1228 4227 1296 4298 qua
1320 4206 1487 4279 facultate

235 4347 365 4443 ceteros
391 4341 628 4414 Romanomm
670 4345 789 4430 poetas
828 4338 873 4411 ab
899 4339 1066 4430 solonge
1103 4346 1282 4432 superatos
1316 4360 1488 4416 essenon

343 4635 366 4702 ‘l
383 4637 423 4694 cf.
443 4635 500 4691 iam
519 4636 636 4693 Senecae
663 4634 782 4702 (Quaest.
811 4634 868 4690 nat.
896 4634 948 4706 Ill,
977 4633 1084 4704 27,13)
1112 4631 1254 4705 iudicium,
1287 4635 1334 4701 qui
1363 4635 1490 4693 Ovidium

238 4727 490 4798 ingeniosissimum
508 4726 653 4794 poetamm
672 4723 836 4794 appellavit.
1476 4718 1479 4728 '

335 4824 371 4891 **)
390 4824 431 4882 cf.
450 4823 589 4881 Ehwaldii
608 4823 778 4880 sententiam
796 4823 844 4880 1.1.
866 4838 892 4892 p.
905 4825 965 4881 174:
987 4822 1163 4880 «wirhaben
1182 4838 1209 4880 es
1231 4825 1428 4898 violfsch,
1448 4841 1489 4884 wo

241 4913 560 4973 wirdridisohes
591 4912 829 4980 lligenthum
849 4928 883 4968 au
902 4913 1024 4969 besitzen
1052 4913 1183 4982 glauben,
1210 4928 1266 4969 nur
1290 4913 1343 4970 nit
1371 4930 1491 4986 umge-

243 5003 564 5078 prigterlliinnc
584 5002 736 5059 suthon».
