3784 6014
687 559 906 632 -107-

169 790 301 880 statuit,
328 787 363 859 id
388 789 504 880 potius
531 811 571 860 ex
599 790 830 881 epithetorum
869 791 1100 862 constantium
1128 813 1216 883 quae
1256 791 1418 866 dicuntur

166 945 233 995 usu
258 922 497 1014 explicandum
524 945 596 995 esse
622 924 769 997 videtur:
808 925 966 1016 quotiens
1005 925 1096 997 enim
1134 949 1161 998 e.
1193 947 1225 1016 g.
1265 926 1418 1040 seniles

166 1054 260 1146 apud
285 1055 473 1128 Homerum
504 1047 638 1144 πόδας
677 1048 790 1143 maog
830 1057 969 1149 dicitur,
1008 1059 1068 1130 ubi
1106 1079 1183 1130 eum
1221 1058 1287 1132 hac
1318 1059 1355 1130 in
1380 1080 1418 1130 rc
1533 1137 1536 1144 ,

166 1191 329 1263 excellere
354 1192 495 1264 minime
519 1193 642 1264 refert?
668 1193 826 1284 quotiens
852 1192 987 1266 Aeneas
1015 1193 1108 1284 apud
1120 1193 1314 1284 Vergilium
1327 1195 1417 1285 pius,

165 1326 225 1398 ubi
252 1326 393 1398 minime
419 1348 503 1416 opus
530 1334 583 1399 cst
607 1327 753 1418 pietate?
770 1329 803 1420 a)
832 1327 954 1418 Itaque
980 1349 1054 1399 mea
1084 1327 1221 1419 quidem
1248 1327 1419 1401 sententia

164 1460 209 1532 ad
236 1458 476 1551 explicandum
515 1482 616 1553 quarn
655 1461 699 1533 ad
726 1460 983 1534 resarciendum
1009 1461 1120 1533 locum
1157 1461 1339 1551 confugere
1364 1481 1419 1532 sa·

164 1597 236 1668 tius
264 1599 339 1668 erit.

264 1722 306 1793 V.
326 1725 395 1794 loo
409 1722 515 1793 verba
533 1721 658 1811 „Lesbi
683 1721 832 1813 puella“,
859 1723 984 1814 quibus
998 1723 1120 1794 Phaon
1136 1720 1289 1795 Lesbum
1314 1720 1419 1792 relin-

163 1877 274 1947 quens
300 1855 467 1945 poetriam
493 1855 620 1946 alloqui
647 1853 802 1947 debebat,
830 1855 931 1927 Mure
956 1855 978 1926 l.
1007 1855 1029 1926 l.
1057 1876 1090 1945 p.
1120 1859 1188 1928 592
1216 1854 1418 1945 documento

162 2011 238 2061 esse
263 1995 364 2080 putat
379 1988 598 2079 Sepphonem
625 2010 734 2080 neque
761 2011 838 2061 curn
865 1978 1039 2080 quoquam
1066 1991 1226 2080 coniugio
1250 1989 1417 2080 iunctam,

163 2145 276 2215 neque
300 2122 452 2213 viduam,
484 2122 542 2193 sed
570 2123 731 2196 caelibem
757 2124 942 2217 fuissem).
971 2126 1126 2216 Quocum
1166 2094 1308 2195 minime
1333 2122 1418 2194 faci·
1487 2227 1489 2230 Ι

164 2281 262 2334 emus
289 2281 400 2350 neque
425 2261 519 2331 vocis
546 2259 680 2349 puellae
705 2261 775 2332 vim
803 2261 1016 2351 urgebimus,
1044 2280 1134 2350 quae
1160 2259 1322 2330 hocloco
1348 2279 1418 2330 non

162 2393 207 2468 ad
235 2399 468 2484 aetatem,
497 2392 556 2464 sed
594 2399 731 2465 tantum
757 2391 802 2464 ad
828 2415 995 2464 sexum
1041 2391 1294 2482 designandum
1318 2390 1418 2463 adhi-

161 2529 238 2601 bita
264 2548 369 2599 sensu
392 2527 515 2598 latiore
540 2528 584 2598 fe
598 2549 631 2597 rn
646 2528 657 2597 i
671 2550 695 2598 n
709 2548 730 2598 4
744 2549 778 2597 m
804 2529 991 2618 significat.
1020 2527 1132 2600 Simili
1147 2526 1247 2598 modo
1268 2524 1417 2598 Ovidius

161 2663 277 2752 Epist.
305 2658 332 2750 I,
361 2664 381 2731 3
409 2659 527 2732 eodem
552 2660 657 2732 verbo
683 2682 767 2732 usus
794 2667 855 2733 cst:

322 2794 426 2866 Troia
451 2794 542 2865 iacet
568 2799 671 2884 certe,
684 2883 686 2888 Ι
698 2793 831 2865 Danais
852 2768 966 2866 invisa
991 2815 1013 2884 p
1028 2817 1051 2865 u
1067 2794 1110 2865 el
1125 2795 1135 2864 l
1151 2795 1203 2865 is.

163 2931 246 3004 Non
273 2931 365 3003 enim
391 2931 544 3019 virgines
584 2927 735 3002 Graecae
773 2930 913 3002 Troiam
953 2930 1170 3003 detestantur
1195 2935 1337 3020 propter
1362 2950 1419 3001 eo-

161 3089 254 3158 rum,
282 3067 409 3158 quibus
447 3065 593 3155 nubant,
634 3067 799 3157 inopiam,
827 3065 887 3137 sed
912 3066 1028 3157 potius
1055 3085 1241 3136 uxores
1268 3061 1417 3137 Graeco·

161 3219 244 3272 rum
271 3205 391 3271 contra
430 3199 569 3271 Troiam
607 3200 852 3290 profectorum,
898 3205 937 3300 ut
974 3200 1051 3289 ipsa
1089 3198 1271 3290 Penelopa,
1312 3217 1415 3288 quarn

160 3341 265 3425 poeta
291 3334 385 3406 illam
412 3333 594 3424 epistulam
620 3333 828 3405 scribentem
842 3333 935 3404 lacit.
963 3331 1084 3424 Neque
1097 3331 1198 3404 aliter
1212 3328 1414 3421 Laodamia,

160 3467 347 3542 Protesilai
374 3489 471 3558 uxor,
499 3467 564 3538 hoc
588 3466 694 3538 verbo
721 3487 784 3538 usa
810 3473 863 3538 est
888 3466 1000 3556 Epist.
1029 3466 1126 3553 Xlll,
1152 3487 1184 3536 v.
1216 3468 1297 3538 105:

525 3599 604 3671 Nox
628 3604 730 3688 grata
755 3599 978 3692 puellisffl).

161 3730 274 3825 Quid?
312 3732 479 3838 Horatius
506 3752 642 3822 quoque
680 3732 792 3821 ipsam
818 3729 1040 3822 Sapphonem
1075 3729 1192 3802 Carni.
1219 3729 1280 3816 IV,
1310 3733 1343 3820 9,
1373 3733 1416 3800 12

165 3867 419 3957 „Aeoliam
445 3865 688 3957 puellam“
719 3866 924 3937 nominavit:

270 4201 295 4268 ³)
313 4201 405 4258 Simili
431 4200 508 4256 modo
537 4201 645 4258 Heroid.
674 4201 732 4256 xiv
759 4202 792 4258 23
821 4201 933 4268 Pelasgo
962 4200 1041 4255 nulla
1070 4200 1146 4254 certa
1186 4198 1294 4253 ratione
1323 4197 1418 4254 addite

159 4290 293 4359 magni
312 4290 454 4360 epitheton
473 4289 597 4345 additum
616 4291 665 4346 ost.
684 4289 745 4345 Birt
764 4290 823 4360 ipsc
841 4292 891 4346 l.l.
913 4305 939 4359 p.
952 4291 1005 4347 424
1029 4289 1231 4345 imbellem
1252 4304 1313 4344 euru
1337 4290 1419 4346 vocat
1450 4295 1453 4300 '

160 4379 318 4446 ibidemque
337 4396 362 4449 p.
382 4381 433 4437 416
453 4379 525 4436 illul
544 4379 800 4436 adiectivnmnon
828 4381 914 4435 sine
942 4381 1215 4447 certograeco
1236 4381 1416 4449 exemplo

161 4472 199 4526 ab
220 4469 314 4526 Ouidio
334 4469 490 4539 appositum
510 4484 567 4524 esse
586 4470 693 4525 statuit.
715 4469 764 4535 Qui
783 4470 806 4524 si
826 4469 880 4524 sibi
899 4471 1025 4525 constare
1045 4468 1417 4536 voluissetnequoaoaliam
1500 4545 1502 4548 Ι

162 4558 296 4616 amussim
315 4557 448 4629 Ovidium,
469 4558 504 4614 ad
522 4558 608 4614 aliam
626 4558 699 4613 hunc
718 4573 797 4624 quem
824 4558 894 4614 dicit
913 4559 1065 4614 Neroneum
1092 4559 1204 4628 poetam
1223 4558 1416 4628 recensuisset,

160 4650 210 4705 hic
228 4661 332 4714 quoque
352 4647 446 4702 eadem
466 4647 648 4716 explicatione
668 4648 853 4716 uti-lebebat.

259 4735 295 4802 **)
313 4736 614 4801 who—inquit—cnn
642 4737 748 4792 believe
777 4737 840 4791 that
868 4737 979 4793 Ovio...
999 4729 1089 4791 nonld
1118 4737 1190 4793 have
1218 4737 1297 4792 mole
1326 4736 1417 4794 Phaon

162 4828 257 4884 adress
277 4841 293 4879 4
312 4824 413 4879 rnillle
434 4826 502 4891 agell
522 4825 617 4879 wiclow
637 4827 675 4893 by
693 4827 740 4881 the
759 4827 823 4882 title
844 4827 874 4880 of
893 4827 988 4882 «Lesbi
1007 4827 1133 4896 puellari

244 4913 295 4980 m)
313 4913 376 4970 Alia
394 4913 526 4974 Oviliaua
548 4916 672 4989 exemplo
688 4931 713 4972 v.
734 4917 807 4990 apul
829 4915 914 4974 Vries.
934 4919 954 4973 l.
966 4918 985 4973 l:
1004 4932 1030 4992 p.
1052 4917 1093 4975 78.
