3784 6014
728 553 949 627 -101-

213 784 325 852 antem
353 788 470 873 poetas
508 784 577 856 iam
616 784 697 858 inde
734 785 778 860 ab
805 785 956 860 Homero
993 788 1131 860 brevem
1168 788 1320 860 vocalem
1344 787 1462 860 antei

211 915 362 989 litteram
390 916 544 1009 produci,
573 919 644 992 nbi'
665 923 786 1010 ,metri
813 923 936 995 causa¹‘
965 923 1068 1011 longa
1094 917 1225 1014 syllaba
1265 941 1350 1012 opus
1376 927 1462 1012 erat,

213 1052 250 1121 in
274 1051 398 1142 vulgus
425 1059 544 1125 notum
571 1061 622 1127 est
640 1055 689 1144 i),
716 1078 804 1147 quae
829 1055 1010 1147 productio
1042 1078 1290 1149 nonnunquam
1312 1057 1348 1129 in
1362 1055 1462 1129 libris

212 1207 292 1258 mss
323 1184 499 1278 duplicata
524 1189 641 1262 littera
667 1189 853 1262 indicatur.
881 1191 1001 1280 ltaque
1025 1188 1178 1262 Graecus
1197 1186 1462 1281 poctascribere

210 1321 324 1412 potuit
350 1311 534 1416 Ἀληκτὼ
561 1322 613 1394 vel
640 1312 865 1415 Ἀλληκτώ,
893 1344 996 1415 quam
1022 1322 1199 1396 licentiam
1226 1345 1269 1395 ne
1294 1323 1462 1395 aRoma·

210 1475 255 1526 no
280 1454 419 1546 quidem
445 1465 545 1548 poeta
582 1456 730 1529 alienam
768 1458 875 1529 fuisse
914 1458 1095 1531 manifesto
1134 1457 1287 1549 exemplo
1319 1457 1460 1549 planum

179 1591 345 1663 -faciam
373 1590 517 1680 Chiron,
545 1595 643 1666 cuius
669 1593 775 1666 matri
800 1592 964 1686 Philyrae
992 1614 1117 1666 nomen
1142 1593 1219 1684 fuit,
1259 1590 1303 1666 ab
1336 1589 1481 1667 Ovidio·

208 1723 294 1798 Met.
319 1724 451 1819 11676,
478 1724 704 1801 rostram
733 1727 1041 1823 Philyreius
1068 1727 1169 1800 heros
1189 1729 1303 1818 prima
1327 1725 1460 1822 syllaba

208 1865 367 1950 correpta
392 1862 602 1934 nominatur:
629 1867 781 1934 attamen
795 1861 839 1934 ab
853 1861 970 1934 eodem
997 1864 1118 1934 matris
1144 1862 1284 1933 nomine
1310 1859 1459 1934 Ovidius

208 1993 289 2065 aliis
326 1994 410 2066 locis
436 1993 581 2066 alterum
609 2016 733 2068 nomen
760 1994 941 2086 derivavit,
980 2002 1020 2068 ut
1045 1994 1139 2068 Fast.
1171 1995 1199 2064 V
1229 1998 1309 2088 383,
1343 1995 1384 2066 A.
1414 1993 1457 2065 A.

207 2127 225 2198 I
254 2133 309 2218 11,
336 2129 683 2224 Phillyridem
711 2130 798 2221 dico,
824 2132 938 2221 prima
964 2131 1094 2224 syllaba
1121 2129 1300 2222 producta.
1329 2129 1459 2223 Quodsi

206 2267 309 2350 poeta
335 2263 372 2334 in
398 2262 516 2335 eodem
555 2265 709 2336 carmine
750 2266 844 2336 intra
882 2285 1003 2337 novem
1042 2284 1204 2336 versuum
1244 2264 1395 2356 spatium
1419 2284 1460 2336 ea

205 2395 347 2468 licentia
372 2416 455 2468 usus
481 2402 543 2488 est,
569 2397 606 2469 in
632 2396 688 2467 Al
703 2398 908 2471 ectonis
936 2419 1070 2490 quoque
1096 2399 1235 2471 nomine
1272 2396 1458 2472 admitten-

206 2527 290 2602 dum
315 2551 389 2603 esse
413 2529 552 2605 videtur
567 2532 639 2623 aa).

306 2665 401 2756 Quae
426 2667 455 2738 si
480 2673 573 2740 recte
598 2665 863 2759 disputavimus
890 2688 960 2739 non
986 2673 1047 2757 est,
1076 2688 1137 2739 cur
1150 2666 1330 2739 nobiscum
1344 2665 1457 2739 locum

206 2797 380 2890 corrigere
405 2797 552 2872 dubites.

302 3301 415 3394 Supra
439 3327 472 3396 p.
501 3311 520 3376 5
548 3313 702 3379 nostram
729 3305 913 3379 Heroidem
941 3305 1101 3379 CCXXII
1140 3324 1259 3376 versus
1291 3302 1454 3393 amplecti

204 3438 412 3529 monuimus,
439 3461 532 3512 nunc
558 3439 603 3512 ad
628 3439 713 3512 illud
740 3438 923 3532 distichon,
951 3460 1018 3531 quo
1039 3459 1203 3532 numerus
1229 3458 1391 3509 versuum
1417 3435 1455 3507 in

202 3559 364 3645 omnibus
389 3574 460 3645 lere
485 3574 695 3649 editionibus
720 3576 842 3648 obvius
868 3582 1026 3666 augetur,
1052 3575 1268 3647 revertimur.
1304 3570 1454 3643 Versum

205 3711 250 3779 32
278 3709 314 3780 in
340 3710 411 3781 solo
437 3709 624 3783 Harleiano
651 3710 766 3784 codice
791 3711 876 3782 haec
901 3709 969 3781 duo
995 3709 1146 3781 disticha
1171 3708 1360 3798 excipiunt:

309 4037 389 4106 ptr.
408 4040 475 4096 Hom
494 4041 527 4097 Il.
548 4053 572 4097 v.
586 4043 608 4096 1:
627 4041 778 4124 Ἀχιλῆος
797 4055 858 4096 oum
878 4055 902 4096 v.
914 4041 939 4096 7:
962 4037 1138 4125 'Aylidevgz
1164 4039 1221 4096 alia
1241 4039 1367 4108 exempla
1390 4051 1454 4108 snp-

201 4128 338 4198 peditabit
356 4132 395 4185 ha
413 4130 503 4186 Itoolm
522 4130 641 4187 inlliad.
660 4130 775 4187 tertium
795 4129 835 4187 ed.
846 4144 963 4200 prooem.
983 4144 1009 4198 p.
1028 4129 1115 4186 XXVI.
1139 4129 1258 4184 Verbum
1275 4122 1453 4210 dnoly'yrao

201 4219 261 4271 tmn
279 4231 330 4289 par
348 4233 431 4274 unam
449 4222 491 4286 (ll.
511 4221 547 4277 VI
568 4222 636 4288 149),
654 4222 713 4275 tum
732 4234 783 4290 par
801 4220 969 4288 geminatam
988 4223 999 4276 l
1019 4219 1145 4275 litteram
1162 4219 1217 4286 (dd.
1236 4219 1287 4275 llII
1307 4219 1368 4283 224)
1385 4217 1453 4272 sori-

202 4306 281 4376 ptum
299 4307 446 4376 reperitur.
475 4309 545 4365 Sane
564 4309 594 4364 in
611 4311 724 4366 ilectns
753 4310 861 4365 nomine
890 4313 1021 4365 molossus
1049 4309 1161 4365 bacchio
1181 4311 1261 4377 longe
1280 4307 1453 4375 frequentior

202 4397 253 4466 ast,
272 4410 332 4451 cum
351 4396 392 4452 ita
411 4397 469 4466 ipso
488 4399 607 4454 nominis
625 4414 737 4456 numero
756 4400 881 4469 gravitas
905 4401 1039 4467 quaedam
1060 4402 1126 4471 apte
1145 4399 1329 4469 rescribatur
1356 4398 1386 4453 in
1405 4396 1453 4453 ad·

201 4484 300 4542 ieetivo
311 4499 414 4555 qnoque
431 4483 567 4572 ἄληκτος
585 4489 615 4544 in
633 4490 793 4546 hexametro
812 4490 954 4547 rarissime
974 4491 1092 4564 primam
1111 4491 1251 4559 syllabam
1270 4502 1324 4544 non
1336 4487 1452 4559 produci

201 4574 280 4630 docet
298 4574 427 4635 'lhesaur
448 4592 468 4634 s.
488 4593 522 4648 v.,
541 4580 589 4635 nbi
608 4580 659 4635 hoo
688 4581 858 4650 epigramma
883 4581 975 4649 (rath.
995 4595 1035 4649 gr.
1056 4581 1124 4650 spo.
1145 4581 1207 4647 136)
1224 4580 1343 4637 allatum
1366 4579 1415 4634 cst·

302 4663 444 4750 Ὥιχετο
466 4667 498 4731 δ”
522 4665 556 4733 ἕν
576 4670 722 4749 νεκύεσσι,
749 4669 847 4734 λιπών
873 4669 971 4752 πατρὶ
997 4672 1110 4746 πένθος
1133 4666 1280 4752 ἄληκτον.

295 4767 332 4839 “l
350 4773 475 4831 (laterum
502 4777 650 4833 fluctuatio
677 4778 706 4833 id
734 4791 820 4846 genus
847 4778 957 4846 saepius
985 4777 1114 4848 occurrit3
1142 4777 1183 4832 ita
1210 4776 1284 4845 apud
1308 4773 1451 4831 Horatium

200 4860 298 4926 (darm.
318 4863 368 4934 111,
387 4865 413 4935 4,
433 4865 459 4931 9)
481 4881 532 4922 vox
550 4866 674 4935 npuro
694 4867 827 4922 creticum
846 4866 940 4936 efficit,
959 4865 1083 4935 proximo
1103 4868 1196 4922 autem
1221 4879 1302 4922 versu
1320 4862 1452 4932 spuri-

202 4965 242 5006 ae
261 4951 408 5011 iambicam
427 4957 566 5027 dipodiam
584 4941 784 5024 (nisimendnm
805 4957 915 5023 subest).
940 4958 977 5013 lle
997 4957 1057 5014 illis
1075 4957 1238 5014 decantatis:
1253 4955 1374 5028 relligio,
1392 4955 1452 5016 ral-

197 5039 310 5116 liquiaa,
329 5047 380 5104 oet.
398 5059 452 5106 non
471 5049 513 5103 est
531 5047 602 5116 qnod
620 5062 753 5121 moueam3
772 5062 796 5104 v.
816 5046 916 5110 Christ.
936 5037 1045 5111 blatrilr.
1066 5045 1117 5125 (od.
1137 5051 1164 5116 2)
1182 5065 1208 5120 p.
1234 5050 1277 5119 25.
