<?xml version="1.0" encoding="UTF-8"?>
<!DOCTYPE html PUBLIC "-//W3C//DTD XHTML 1.0 Transitional//EN"
    "http://www.w3.org/TR/xhtml1/DTD/xhtml1-transitional.dtd">
<html xmlns="http://www.w3.org/1999/xhtml" xml:lang="en" lang="en">
 <head>
  <title>
</title>
<meta http-equiv="Content-Type" content="text/html;charset=utf-8" />
  <meta name='ocr-system' content='tesseract 3.04.00' />
  <meta name='ocr-capabilities' content='ocr_page ocr_carea ocr_par ocr_line ocrx_word'/>
</head>
<body>
  <div class='ocr_page' id='page_1' title='image "./quaestionessapp01lugoog_0083.png"; bbox 0 0 3784 6014; ppageno 0'>
   <div class='ocr_carea' id='block_1_1' title="bbox 977 545 1177 618">
    <p class='ocr_par' dir='ltr' id='par_1_1' title="bbox 977 545 1177 618">
     <span class='ocr_line' id='line_1_1' title="bbox 977 545 1177 618; baseline 0 -16"><span class='ocrx_word' id='word_1_1' title='bbox 977 545 1177 618; x_wconf 73' lang='grc'>...66-</span> 
     </span>
    </p>
   </div>
   <div class='ocr_carea' id='block_1_2' title="bbox 443 777 1703 2759">
    <p class='ocr_par' dir='ltr' id='par_1_2' title="bbox 448 777 1703 1123">
     <span class='ocr_line' id='line_1_2' title="bbox 449 777 1703 869; baseline 0.006 -19"><span class='ocrx_word' id='word_1_2' title='bbox 449 781 680 852; x_wconf 88' lang='lat' dir='ltr'><strong>recentiorum</strong></span> <span class='ocrx_word' id='word_1_3' title='bbox 718 777 762 851; x_wconf 86' lang='lat' dir='ltr'><strong>de</strong></span> <span class='ocrx_word' id='word_1_4' title='bbox 786 781 920 869; x_wconf 80' lang='lat' dir='ltr'>poetria</span> <span class='ocrx_word' id='word_1_5' title='bbox 958 782 1139 854; x_wconf 74' lang='lat' dir='ltr'><strong>sententiis</strong></span> <span class='ocrx_word' id='word_1_6' title='bbox 1177 787 1217 854; x_wconf 93' lang='lat' dir='ltr'><strong>ut</strong></span> <span class='ocrx_word' id='word_1_7' title='bbox 1242 782 1291 855; x_wconf 92' lang='lat' dir='ltr'><strong>ita</strong></span> <span class='ocrx_word' id='word_1_8' title='bbox 1316 781 1430 856; x_wconf 90' lang='lat' dir='ltr'><strong>dicam</strong></span> <span class='ocrx_word' id='word_1_9' title='bbox 1468 789 1564 857; x_wconf 91' lang='lat' dir='ltr'><strong>recta</strong></span> <span class='ocrx_word' id='word_1_10' title='bbox 1588 786 1703 858; x_wconf 90' lang='lat' dir='ltr'><strong>fronte</strong></span> 
     </span>
     <span class='ocr_line' id='line_1_3' title="bbox 449 915 1699 1020; baseline 0.004 -35"><span class='ocrx_word' id='word_1_11' title='bbox 449 919 660 1004; x_wconf 74' lang='lat' dir='ltr'><strong>repugnant,</strong></span> <span class='ocrx_word' id='word_1_12' title='bbox 690 935 785 1014; x_wconf 91' lang='lat' dir='ltr'><strong>quas</strong></span> <span class='ocrx_word' id='word_1_13' title='bbox 824 915 918 1005; x_wconf 90' lang='lat' dir='ltr'><strong>ipsas</strong></span> <span class='ocrx_word' id='word_1_14' title='bbox 957 921 1130 1020; x_wconf 86' lang='lat' dir='ltr'><strong>spectatas</strong></span> <span class='ocrx_word' id='word_1_15' title='bbox 1175 919 1323 990; x_wconf 89' lang='lat' dir='ltr'><strong>novis</strong></span> <span class='ocrx_word' id='word_1_16' title='bbox 1373 921 1699 1008; x_wconf 82' lang='lat' dir='ltr'>argumentis</span> 
     </span>
     <span class='ocr_line' id='line_1_4' title="bbox 448 1048 841 1123; baseline 0.003 -3"><span class='ocrx_word' id='word_1_17' title='bbox 448 1048 605 1122; x_wconf 81' lang='lat' dir='ltr'><strong>refellere</strong></span> <span class='ocrx_word' id='word_1_18' title='bbox 630 1049 841 1123; x_wconf 84' lang='lat' dir='ltr'><strong>conabimur.</strong></span> 
     </span>
    </p>

    <p class='ocr_par' dir='ltr' id='par_1_3' title="bbox 443 1167 1698 2759">
     <span class='ocr_line' id='line_1_5' title="bbox 546 1167 1698 1279; baseline 0.004 -22"><span class='ocrx_word' id='word_1_19' title='bbox 546 1187 669 1279; x_wconf 89' lang='lat' dir='ltr'><strong>Itaque</strong></span> <span class='ocrx_word' id='word_1_20' title='bbox 690 1187 803 1277; x_wconf 93' lang='lat' dir='ltr'><strong>primo</strong></span> <span class='ocrx_word' id='word_1_21' title='bbox 828 1175 902 1260; x_wconf 86' lang='lat' dir='ltr'><strong>loco</strong></span> <span class='ocrx_word' id='word_1_22' title='bbox 927 1185 972 1260; x_wconf 90' lang='lat' dir='ltr'><strong>ad</strong></span> <span class='ocrx_word' id='word_1_23' title='bbox 998 1186 1092 1261; x_wconf 91' lang='lat' dir='ltr'><strong>illam</strong></span> <span class='ocrx_word' id='word_1_24' title='bbox 1118 1185 1172 1260; x_wconf 91' lang='lat' dir='ltr'><strong>de</strong></span> <span class='ocrx_word' id='word_1_25' title='bbox 1197 1167 1401 1262; x_wconf 81' lang='lat' dir='ltr'><strong>Phaone</strong></span> <span class='ocrx_word' id='word_1_26' title='bbox 1427 1192 1698 1263; x_wconf 86' lang='lat' dir='ltr'><strong>controversiam</strong></span> 
     </span>
     <span class='ocr_line' id='line_1_6' title="bbox 449 1317 1697 1415; baseline 0.006 -27"><span class='ocrx_word' id='word_1_27' title='bbox 449 1317 678 1394; x_wconf 83' lang='lat' dir='ltr'><strong>dirimendam</strong></span> <span class='ocrx_word' id='word_1_28' title='bbox 704 1327 953 1414; x_wconf 73' lang='lat' dir='ltr'><strong>convertemur,</strong></span> <span class='ocrx_word' id='word_1_29' title='bbox 979 1344 1080 1415; x_wconf 91' lang='lat' dir='ltr'><strong>quem</strong></span> <span class='ocrx_word' id='word_1_30' title='bbox 1106 1322 1150 1397; x_wconf 92' lang='lat' dir='ltr'><strong>ab</strong></span> <span class='ocrx_word' id='word_1_31' title='bbox 1178 1321 1302 1397; x_wconf 85' lang='lat' dir='ltr'><strong>ovidio</strong></span> <span class='ocrx_word' id='word_1_32' title='bbox 1329 1344 1370 1395; x_wconf 86' lang='lat' dir='ltr'><strong>ex</strong></span> <span class='ocrx_word' id='word_1_33' title='bbox 1396 1323 1557 1415; x_wconf 82' lang='lat' dir='ltr'><strong>Sapphus</strong></span> <span class='ocrx_word' id='word_1_34' title='bbox 1573 1326 1697 1398; x_wconf 91' lang='lat' dir='ltr'><strong>carmi-</strong></span> 
     </span>
     <span class='ocr_line' id='line_1_7' title="bbox 447 1454 1696 1553; baseline 0.002 -27"><span class='ocrx_word' id='word_1_35' title='bbox 447 1454 550 1528; x_wconf 92' lang='lat' dir='ltr'><strong>nibus</strong></span> <span class='ocrx_word' id='word_1_36' title='bbox 589 1454 807 1553; x_wconf 89' lang='lat' dir='ltr'><strong>desumptum</strong></span> <span class='ocrx_word' id='word_1_37' title='bbox 846 1477 921 1528; x_wconf 91' lang='lat' dir='ltr'><strong>esse</strong></span> <span class='ocrx_word' id='word_1_38' title='bbox 958 1457 1152 1530; x_wconf 82' lang='lat' dir='ltr'><strong>statuimus.</strong></span> <span class='ocrx_word' id='word_1_39' title='bbox 1201 1456 1250 1529; x_wconf 92' lang='lat' dir='ltr'><strong>At</strong></span> <span class='ocrx_word' id='word_1_40' title='bbox 1287 1457 1517 1530; x_wconf 85' lang='lat' dir='ltr'><strong>recentiorum</strong></span> <span class='ocrx_word' id='word_1_41' title='bbox 1554 1456 1696 1549; x_wconf 88' lang='lat' dir='ltr'><strong>plurimi</strong></span> 
     </span>
     <span class='ocr_line' id='line_1_8' title="bbox 446 1588 1695 1683; baseline 0.004 -24"><span class='ocrx_word' id='word_1_42' title='bbox 446 1588 623 1662; x_wconf 88' lang='lat' dir='ltr'><strong>Phaonem</strong></span> <span class='ocrx_word' id='word_1_43' title='bbox 649 1610 801 1681; x_wconf 92' lang='lat' dir='ltr'><strong>unquam</strong></span> <span class='ocrx_word' id='word_1_44' title='bbox 826 1589 932 1662; x_wconf 89' lang='lat' dir='ltr'><strong>fuisse</strong></span> <span class='ocrx_word' id='word_1_45' title='bbox 957 1597 1087 1680; x_wconf 90' lang='lat' dir='ltr'><strong>negant</strong></span> <span class='ocrx_word' id='word_1_46' title='bbox 1112 1591 1254 1683; x_wconf 90' lang='lat' dir='ltr'><strong>eiusque</strong></span> <span class='ocrx_word' id='word_1_47' title='bbox 1278 1611 1461 1682; x_wconf 89' lang='lat' dir='ltr'><strong>personam</strong></span> <span class='ocrx_word' id='word_1_48' title='bbox 1489 1598 1625 1664; x_wconf 88' lang='lat' dir='ltr'><strong>tantum</strong></span> <span class='ocrx_word' id='word_1_49' title='bbox 1649 1591 1695 1664; x_wconf 92' lang='lat' dir='ltr'><strong>ab</strong></span> 
     </span>
     <span class='ocr_line' id='line_1_9' title="bbox 446 1723 1695 1825; baseline 0.003 -31"><span class='ocrx_word' id='word_1_50' title='bbox 446 1723 573 1825; x_wconf 90' lang='lat' dir='ltr'><strong>Atticis</strong></span> <span class='ocrx_word' id='word_1_51' title='bbox 612 1723 864 1798; x_wconf 85' lang='lat' dir='ltr'><strong>comoediarum</strong></span> <span class='ocrx_word' id='word_1_52' title='bbox 902 1725 1129 1816; x_wconf 88' lang='lat' dir='ltr'><strong>scriptoribus</strong></span> <span class='ocrx_word' id='word_1_53' title='bbox 1154 1724 1270 1798; x_wconf 85' lang='lat' dir='ltr'><strong>fictam</strong></span> <span class='ocrx_word' id='word_1_54' title='bbox 1297 1747 1371 1797; x_wconf 87' lang='lat' dir='ltr'><strong>esse</strong></span> <span class='ocrx_word' id='word_1_55' title='bbox 1402 1746 1606 1816; x_wconf 89' lang='lat' dir='ltr'><strong>persuasum</strong></span> <span class='ocrx_word' id='word_1_56' title='bbox 1631 1725 1695 1798; x_wconf 94' lang='lat' dir='ltr'><strong>ha-</strong></span> 
     </span>
     <span class='ocr_line' id='line_1_10' title="bbox 445 1857 1695 1952; baseline 0.002 -22"><span class='ocrx_word' id='word_1_57' title='bbox 445 1857 529 1931; x_wconf 89' lang='lat' dir='ltr'><strong>bent</strong></span> <span class='ocrx_word' id='word_1_58' title='bbox 544 1859 591 1951; x_wconf 75' lang='grc'><strong>*).</strong></span> <span class='ocrx_word' id='word_1_59' title='bbox 620 1861 715 1952; x_wconf 76' lang='lat' dir='ltr'><strong>Quae</strong></span> <span class='ocrx_word' id='word_1_60' title='bbox 739 1858 855 1949; x_wconf 90' lang='lat' dir='ltr'><strong>opinio</strong></span> <span class='ocrx_word' id='word_1_61' title='bbox 870 1880 908 1932; x_wconf 91' lang='lat' dir='ltr'><strong>eo</strong></span> <span class='ocrx_word' id='word_1_62' title='bbox 921 1859 1057 1932; x_wconf 86' lang='lat' dir='ltr'><strong>facilius</strong></span> <span class='ocrx_word' id='word_1_63' title='bbox 1070 1861 1107 1933; x_wconf 94' lang='lat' dir='ltr'><strong>in</strong></span> <span class='ocrx_word' id='word_1_64' title='bbox 1122 1860 1299 1933; x_wconf 93' lang='lat' dir='ltr'><strong>bominum</strong></span> <span class='ocrx_word' id='word_1_65' title='bbox 1319 1858 1497 1934; x_wconf 89' lang='lat' dir='ltr'><strong>doctorum</strong></span> <span class='ocrx_word' id='word_1_66' title='bbox 1522 1861 1695 1934; x_wconf 89' lang='lat' dir='ltr'><strong>mentibus</strong></span> 
     </span>
     <span class='ocr_line' id='line_1_11' title="bbox 445 1993 1695 2088; baseline 0.002 -25"><span class='ocrx_word' id='word_1_67' title='bbox 445 1993 579 2065; x_wconf 89' lang='lat' dir='ltr'><strong>radices</strong></span> <span class='ocrx_word' id='word_1_68' title='bbox 594 1993 936 2087; x_wconf 90' lang='lat' dir='ltr'><strong>cgit,quodeaonis</strong></span> <span class='ocrx_word' id='word_1_69' title='bbox 950 2015 1076 2067; x_wconf 90' lang='lat' dir='ltr'><strong>nomen</strong></span> <span class='ocrx_word' id='word_1_70' title='bbox 1089 1995 1126 2066; x_wconf 92' lang='lat' dir='ltr'><strong>in</strong></span> <span class='ocrx_word' id='word_1_71' title='bbox 1135 1994 1295 2085; x_wconf 86' lang='lat' dir='ltr'><strong>Sapphus</strong></span> <span class='ocrx_word' id='word_1_72' title='bbox 1307 1995 1511 2086; x_wconf 83' lang='lat' dir='ltr'><strong>fragmentis</strong></span> <span class='ocrx_word' id='word_1_73' title='bbox 1526 2017 1695 2088; x_wconf 88' lang='lat' dir='ltr'><strong>nusquam</strong></span> 
     </span>
     <span class='ocr_line' id='line_1_12' title="bbox 444 2128 1696 2224; baseline 0.003 -26"><span class='ocrx_word' id='word_1_74' title='bbox 444 2128 582 2219; x_wconf 88' lang='lat' dir='ltr'><strong>legitur,</strong></span> <span class='ocrx_word' id='word_1_75' title='bbox 609 2129 815 2219; x_wconf 91' lang='lat' dir='ltr'><strong>Palaephati</strong></span> <span class='ocrx_word' id='word_1_76' title='bbox 841 2136 955 2202; x_wconf 90' lang='lat' dir='ltr'><strong>autem</strong></span> <span class='ocrx_word' id='word_1_77' title='bbox 979 2128 1022 2202; x_wconf 93' lang='lat' dir='ltr'><strong>de</strong></span> <span class='ocrx_word' id='word_1_78' title='bbox 1035 2151 1073 2202; x_wconf 90' lang='lat' dir='ltr'><strong>eo</strong></span> <span class='ocrx_word' id='word_1_79' title='bbox 1087 2131 1332 2222; x_wconf 88' lang='lat' dir='ltr'><strong>testimouium,</strong></span> <span class='ocrx_word' id='word_1_80' title='bbox 1363 2138 1483 2222; x_wconf 85' lang='lat' dir='ltr'><strong>utpote</strong></span> <span class='ocrx_word' id='word_1_81' title='bbox 1502 2132 1561 2224; x_wconf 92' lang='lat' dir='ltr'><strong>qui</strong></span> <span class='ocrx_word' id='word_1_82' title='bbox 1575 2138 1696 2205; x_wconf 85' lang='lat' dir='ltr'><strong>auctor</strong></span> 
     </span>
     <span class='ocr_line' id='line_1_13' title="bbox 444 2263 1693 2358; baseline 0.002 -24"><span class='ocrx_word' id='word_1_83' title='bbox 444 2269 558 2336; x_wconf 88' lang='lat' dir='ltr'><strong>aetate</strong></span> <span class='ocrx_word' id='word_1_84' title='bbox 583 2263 726 2335; x_wconf 89' lang='lat' dir='ltr'><strong>inferior</strong></span> <span class='ocrx_word' id='word_1_85' title='bbox 752 2264 808 2355; x_wconf 90' lang='lat' dir='ltr'><strong>sit,</strong></span> <span class='ocrx_word' id='word_1_86' title='bbox 834 2263 908 2338; x_wconf 84' lang='lat' dir='ltr'><strong>leve</strong></span> <span class='ocrx_word' id='word_1_87' title='bbox 933 2286 997 2336; x_wconf 91' lang='lat' dir='ltr'><strong>nec</strong></span> <span class='ocrx_word' id='word_1_88' title='bbox 1022 2265 1107 2336; x_wconf 90' lang='lat' dir='ltr'><strong>satis</strong></span> <span class='ocrx_word' id='word_1_89' title='bbox 1127 2263 1233 2336; x_wconf 91' lang='lat' dir='ltr'><strong>fidum</strong></span> <span class='ocrx_word' id='word_1_90' title='bbox 1245 2271 1390 2355; x_wconf 90' lang='lat' dir='ltr'><strong>putatur</strong></span> <span class='ocrx_word' id='word_1_91' title='bbox 1406 2267 1450 2358; x_wconf 89' lang='lat' dir='ltr'><strong>(v.</strong></span> <span class='ocrx_word' id='word_1_92' title='bbox 1468 2289 1500 2357; x_wconf 92' lang='lat' dir='ltr'><strong>p.</strong></span> <span class='ocrx_word' id='word_1_93' title='bbox 1518 2271 1564 2341; x_wconf 79' lang='lat'><strong>54</strong></span> <span class='ocrx_word' id='word_1_94' title='bbox 1578 2274 1635 2339; x_wconf 88' lang='lat' dir='ltr'><strong>ext</strong></span> <span class='ocrx_word' id='word_1_95' title='bbox 1656 2267 1693 2357; x_wconf 88' lang='lat'><strong>.).</strong></span> 
     </span>
     <span class='ocr_line' id='line_1_14' title="bbox 444 2385 1695 2491; baseline 0.001 -22"><span class='ocrx_word' id='word_1_96' title='bbox 444 2395 513 2469; x_wconf 90' lang='lat' dir='ltr'><strong>Ubi</strong></span> <span class='ocrx_word' id='word_1_97' title='bbox 538 2385 619 2470; x_wconf 85' lang='lat' dir='ltr'><strong>¹vero</strong></span> <span class='ocrx_word' id='word_1_98' title='bbox 644 2399 779 2487; x_wconf 89' lang='lat' dir='ltr'><strong>poetria</strong></span> <span class='ocrx_word' id='word_1_99' title='bbox 805 2397 994 2489; x_wconf 90' lang='lat' dir='ltr'><strong>pulchrum.</strong></span> <span class='ocrx_word' id='word_1_100' title='bbox 1014 2397 1185 2490; x_wconf 88' lang='lat' dir='ltr'><strong>quendam</strong></span> <span class='ocrx_word' id='word_1_101' title='bbox 1224 2400 1382 2471; x_wconf 88' lang='lat' dir='ltr'><strong>iuvenem</strong></span> <span class='ocrx_word' id='word_1_102' title='bbox 1421 2399 1615 2491; x_wconf 82' lang='lat' dir='ltr'><strong>alloquitur,</strong></span> <span class='ocrx_word' id='word_1_103' title='bbox 1654 2421 1695 2470; x_wconf 88' lang='lat' dir='ltr'><strong>ea</strong></span> 
     </span>
     <span class='ocr_line' id='line_1_15' title="bbox 443 2530 1693 2626; baseline 0.002 -25"><span class='ocrx_word' id='word_1_104' title='bbox 443 2531 550 2604; x_wconf 92' lang='lat' dir='ltr'><strong>verba</strong></span> <span class='ocrx_word' id='word_1_105' title='bbox 576 2530 620 2603; x_wconf 94' lang='lat' dir='ltr'><strong>ad</strong></span> <span class='ocrx_word' id='word_1_106' title='bbox 647 2531 753 2604; x_wconf 89' lang='lat' dir='ltr'><strong>alium</strong></span> <span class='ocrx_word' id='word_1_107' title='bbox 779 2532 951 2623; x_wconf 89' lang='lat' dir='ltr'><strong>quendam</strong></span> <span class='ocrx_word' id='word_1_108' title='bbox 989 2532 1033 2605; x_wconf 93' lang='lat' dir='ltr'><strong>ab</strong></span> <span class='ocrx_word' id='word_1_109' title='bbox 1061 2532 1259 2605; x_wconf 90' lang='lat' dir='ltr'><strong>hominibus</strong></span> <span class='ocrx_word' id='word_1_110' title='bbox 1284 2532 1452 2606; x_wconf 84' lang='lat' dir='ltr'><strong>litteratis·</strong></span> <span class='ocrx_word' id='word_1_111' title='bbox 1486 2536 1693 2626; x_wconf 86' lang='lat' dir='ltr'><strong>referuntur,</strong></span> 
     </span>
     <span class='ocr_line' id='line_1_16' title="bbox 443 2665 1694 2759; baseline 0.004 -23"><span class='ocrx_word' id='word_1_112' title='bbox 443 2671 483 2737; x_wconf 93' lang='lat' dir='ltr'><strong>ut</strong></span> <span class='ocrx_word' id='word_1_113' title='bbox 495 2665 584 2756; x_wconf 86' lang='lat' dir='ltr'><strong>frag.</strong></span> <span class='ocrx_word' id='word_1_114' title='bbox 602 2670 658 2757; x_wconf 81' lang='lat'><strong>29,</strong></span> <span class='ocrx_word' id='word_1_115' title='bbox 685 2666 775 2759; x_wconf 93' lang='lat' dir='ltr'><strong>quod</strong></span> <span class='ocrx_word' id='word_1_116' title='bbox 801 2688 908 2757; x_wconf 91' lang='lat' dir='ltr'><strong>supra</strong></span> <span class='ocrx_word' id='word_1_117' title='bbox 934 2689 1010 2739; x_wconf 92' lang='lat' dir='ltr'><strong>cum</strong></span> <span class='ocrx_word' id='word_1_118' title='bbox 1036 2666 1187 2757; x_wconf 87' lang='lat' dir='ltr'><strong>Bergkio</strong></span> <span class='ocrx_word' id='word_1_119' title='bbox 1214 2666 1256 2738; x_wconf 93' lang='lat' dir='ltr'><strong>de</strong></span> <span class='ocrx_word' id='word_1_120' title='bbox 1268 2667 1409 2740; x_wconf 88' lang='lat' dir='ltr'><strong>Phaone</strong></span> <span class='ocrx_word' id='word_1_121' title='bbox 1429 2667 1565 2740; x_wconf 44' lang='lat' dir='ltr'><strong>wdictum</strong></span> <span class='ocrx_word' id='word_1_122' title='bbox 1590 2674 1625 2740; x_wconf 94' lang='lat' dir='ltr'><strong>et</strong></span> <span class='ocrx_word' id='word_1_123' title='bbox 1649 2668 1694 2741; x_wconf 93' lang='lat' dir='ltr'><strong>ab</strong></span> 
     </span>
    </p>
   </div>
   <div class='ocr_carea' id='block_1_3' title="bbox 444 2791 1686 3019">
    <p class='ocr_par' dir='ltr' id='par_1_4' title="bbox 444 2791 1686 3019">
     <span class='ocr_line' id='line_1_17' title="bbox 444 2791 1686 2892; baseline 0.001 -22"><span class='ocrx_word' id='word_1_124' title='bbox 444 2796 569 2873; x_wconf 83' lang='lat' dir='ltr'><strong>Ouidio</strong></span> <span class='ocrx_word' id='word_1_125' title='bbox 596 2799 763 2873; x_wconf 90' lang='lat' dir='ltr'><strong>imitando</strong></span> <span class='ocrx_word' id='word_1_126' title='bbox 789 2821 987 2890; x_wconf 87' lang='lat' dir='ltr'><strong>expressum</strong></span> <span class='ocrx_word' id='word_1_127' title='bbox 1013 2821 1087 2872; x_wconf 88' lang='lat' dir='ltr'><strong>esse</strong></span> <span class='ocrx_word' id='word_1_128' title='bbox 1112 2791 1335 2892; x_wconf 84' lang='lat' dir='ltr'><strong>ostendimus,</strong></span> <span class='ocrx_word' id='word_1_129' title='bbox 1376 2801 1529 2874; x_wconf 91' lang='lat' dir='ltr'><strong>Schoene</strong></span> <span class='ocrx_word' id='word_1_130' title='bbox 1554 2801 1576 2872; x_wconf 89' lang='lat' dir='ltr'><strong>l.</strong></span> <span class='ocrx_word' id='word_1_131' title='bbox 1603 2802 1625 2872; x_wconf 94' lang='lat' dir='ltr'><strong>l.</strong></span> <span class='ocrx_word' id='word_1_132' title='bbox 1653 2823 1686 2892; x_wconf 93' lang='lat' dir='ltr'><strong>p.</strong></span> 
     </span>
     <span class='ocr_line' id='line_1_18' title="bbox 445 2923 1545 3019; baseline 0.001 -24"><span class='ocrx_word' id='word_1_133' title='bbox 445 2928 513 2995; x_wconf 84' lang='lat'><strong>742</strong></span> <span class='ocrx_word' id='word_1_134' title='bbox 542 2923 586 2997; x_wconf 96' lang='lat' dir='ltr'><strong>ad</strong></span> <span class='ocrx_word' id='word_1_135' title='bbox 611 2924 801 2997; x_wconf 88' lang='lat' dir='ltr'><strong>Larichum</strong></span> <span class='ocrx_word' id='word_1_136' title='bbox 827 2927 982 3017; x_wconf 89' lang='lat' dir='ltr'><strong>poetriae</strong></span> <span class='ocrx_word' id='word_1_137' title='bbox 1006 2927 1149 3000; x_wconf 90' lang='lat' dir='ltr'><strong>fratrem</strong></span> <span class='ocrx_word' id='word_1_138' title='bbox 1175 2933 1333 3016; x_wconf 86' lang='lat' dir='ltr'><strong>spectare</strong></span> <span class='ocrx_word' id='word_1_139' title='bbox 1357 2931 1458 3016; x_wconf 93' lang='lat' dir='ltr'><strong>putat</strong></span> <span class='ocrx_word' id='word_1_140' title='bbox 1474 2926 1545 3019; x_wconf 32' lang='lat' dir='ltr'><strong>aa).</strong></span> 
     </span>
    </p>
   </div>
   <div class='ocr_carea' id='block_1_4' title="bbox 440 3058 1761 4091">
    <p class='ocr_par' dir='ltr' id='par_1_5' title="bbox 440 3058 1761 4091">
     <span class='ocr_line' id='line_1_19' title="bbox 542 3058 1694 3148; baseline 0 -20"><span class='ocrx_word' id='word_1_141' title='bbox 542 3058 638 3147; x_wconf 75' lang='lat' dir='ltr'><strong>Quae</strong></span> <span class='ocrx_word' id='word_1_142' title='bbox 663 3059 893 3130; x_wconf 87' lang='lat' dir='ltr'><strong>recentiorum</strong></span> <span class='ocrx_word' id='word_1_143' title='bbox 919 3059 1092 3132; x_wconf 89' lang='lat' dir='ltr'><strong>sententia</strong></span> <span class='ocrx_word' id='word_1_144' title='bbox 1117 3059 1235 3132; x_wconf 90' lang='lat' dir='ltr'><strong>multis</strong></span> <span class='ocrx_word' id='word_1_145' title='bbox 1261 3058 1460 3131; x_wconf 89' lang='lat' dir='ltr'><strong>nominibus</strong></span> <span class='ocrx_word' id='word_1_146' title='bbox 1493 3059 1694 3148; x_wconf 91' lang='lat' dir='ltr'><strong>impugnari</strong></span> 
     </span>
     <span class='ocr_line' id='line_1_20' title="bbox 442 3162 1761 3285; baseline 0 -23"><span class='ocrx_word' id='word_1_147' title='bbox 442 3196 476 3262; x_wconf 92' lang='lat' dir='ltr'><strong>et</strong></span> <span class='ocrx_word' id='word_1_148' title='bbox 501 3190 704 3264; x_wconf 89' lang='lat' dir='ltr'><strong>labefactari</strong></span> <span class='ocrx_word' id='word_1_149' title='bbox 730 3214 831 3284; x_wconf 90' lang='lat' dir='ltr'><strong>posse</strong></span> <span class='ocrx_word' id='word_1_150' title='bbox 857 3192 957 3266; x_wconf 88' lang='lat' dir='ltr'><strong>nobis</strong></span> <span class='ocrx_word' id='word_1_151' title='bbox 982 3192 1130 3266; x_wconf 86' lang='lat' dir='ltr'><strong>videtur.</strong></span> <span class='ocrx_word' id='word_1_152' title='bbox 1172 3162 1327 3264; x_wconf 91' lang='lat' dir='ltr'><strong>Primum</strong></span> <span class='ocrx_word' id='word_1_153' title='bbox 1352 3193 1443 3264; x_wconf 89' lang='lat' dir='ltr'><strong>enim</strong></span> <span class='ocrx_word' id='word_1_154' title='bbox 1469 3190 1559 3285; x_wconf 89' lang='lat' dir='ltr'><strong>qued</strong></span> <span class='ocrx_word' id='word_1_155' title='bbox 1586 3191 1630 3265; x_wconf 96' lang='lat' dir='ltr'><strong>ad</strong></span> <span class='ocrx_word' id='word_1_156' title='bbox 1657 3191 1695 3264; x_wconf 91' lang='lat' dir='ltr'><strong>id</strong></span> <span class='ocrx_word' id='word_1_157' title='bbox 1758 3219 1761 3225; x_wconf 93' lang='lat'>·</span> 
     </span>
     <span class='ocr_line' id='line_1_21' title="bbox 442 3303 1696 3419; baseline 0.002 -23"><span class='ocrx_word' id='word_1_158' title='bbox 442 3303 569 3397; x_wconf 90' lang='lat' dir='ltr'><strong>attinet</strong></span> <span class='ocrx_word' id='word_1_159' title='bbox 605 3325 758 3398; x_wconf 90' lang='lat' dir='ltr'><strong>Phaonis</strong></span> <span class='ocrx_word' id='word_1_160' title='bbox 799 3349 924 3400; x_wconf 92' lang='lat' dir='ltr'><strong>nomen</strong></span> <span class='ocrx_word' id='word_1_161' title='bbox 963 3329 1000 3400; x_wconf 91' lang='lat' dir='ltr'><strong>in</strong></span> <span class='ocrx_word' id='word_1_162' title='bbox 1039 3327 1200 3419; x_wconf 88' lang='lat' dir='ltr'><strong>Sapphus</strong></span> <span class='ocrx_word' id='word_1_163' title='bbox 1237 3326 1442 3418; x_wconf 77' lang='lat' dir='ltr'><strong>fragmentis</strong></span> <span class='ocrx_word' id='word_1_164' title='bbox 1481 3325 1584 3398; x_wconf 91' lang='lat' dir='ltr'><strong>hodie</strong></span> <span class='ocrx_word' id='word_1_165' title='bbox 1622 3347 1696 3398; x_wconf 88' lang='lat' dir='ltr'><strong>non</strong></span> 
     </span>
     <span class='ocr_line' id='line_1_22' title="bbox 441 3458 1696 3554; baseline 0.002 -27"><span class='ocrx_word' id='word_1_166' title='bbox 441 3463 588 3549; x_wconf 88' lang='lat' dir='ltr'><strong>exstare,</strong></span> <span class='ocrx_word' id='word_1_167' title='bbox 615 3458 680 3531; x_wconf 88' lang='lat' dir='ltr'><strong>hoc</strong></span> <span class='ocrx_word' id='word_1_168' title='bbox 704 3459 794 3533; x_wconf 88' lang='lat' dir='ltr'><strong>forte</strong></span> <span class='ocrx_word' id='word_1_169' title='bbox 819 3459 975 3533; x_wconf 88' lang='lat' dir='ltr'><strong>accidere</strong></span> <span class='ocrx_word' id='word_1_170' title='bbox 1000 3461 1125 3550; x_wconf 69' lang='lat' dir='ltr'><strong>potuit,</strong></span> <span class='ocrx_word' id='word_1_171' title='bbox 1151 3483 1232 3532; x_wconf 92' lang='lat' dir='ltr'><strong>nam</strong></span> <span class='ocrx_word' id='word_1_172' title='bbox 1251 3459 1404 3554; x_wconf 82' lang='lat' dir='ltr'><strong>Bathylli</strong></span> <span class='ocrx_word' id='word_1_173' title='bbox 1418 3480 1563 3552; x_wconf 90' lang='lat' dir='ltr'><strong>quoque,</strong></span> <span class='ocrx_word' id='word_1_174' title='bbox 1590 3460 1696 3550; x_wconf 91' lang='lat' dir='ltr'><strong>pueri</strong></span> 
     </span>
     <span class='ocr_line' id='line_1_23' title="bbox 441 3591 1695 3686; baseline 0.001 -21"><span class='ocrx_word' id='word_1_175' title='bbox 441 3591 485 3665; x_wconf 93' lang='lat' dir='ltr'><strong>ab</strong></span> <span class='ocrx_word' id='word_1_176' title='bbox 511 3591 730 3667; x_wconf 88' lang='lat' dir='ltr'><strong>Anacreonte</strong></span> <span class='ocrx_word' id='word_1_177' title='bbox 754 3596 872 3686; x_wconf 92' lang='lat' dir='ltr'><strong>amati,</strong></span> <span class='ocrx_word' id='word_1_178' title='bbox 899 3617 1023 3669; x_wconf 90' lang='lat' dir='ltr'><strong>nomen</strong></span> <span class='ocrx_word' id='word_1_179' title='bbox 1049 3596 1086 3667; x_wconf 91' lang='lat' dir='ltr'><strong>in</strong></span> <span class='ocrx_word' id='word_1_180' title='bbox 1113 3595 1216 3666; x_wconf 89' lang='lat' dir='ltr'><strong>huius</strong></span> <span class='ocrx_word' id='word_1_181' title='bbox 1245 3595 1449 3685; x_wconf 83' lang='lat' dir='ltr'><strong>fragmentis</strong></span> <span class='ocrx_word' id='word_1_182' title='bbox 1469 3615 1539 3665; x_wconf 90' lang='lat' dir='ltr'><strong>uon</strong></span> <span class='ocrx_word' id='word_1_183' title='bbox 1552 3599 1695 3666; x_wconf 83' lang='lat' dir='ltr'><strong>exstans</strong></span> 
     </span>
     <span class='ocr_line' id='line_1_24' title="bbox 441 3726 1693 3820; baseline 0.002 -22"><span class='ocrx_word' id='word_1_184' title='bbox 441 3726 485 3798; x_wconf 90' lang='lat' dir='ltr'><strong>ab</strong></span> <span class='ocrx_word' id='word_1_185' title='bbox 511 3728 751 3819; x_wconf 86' lang='lat' dir='ltr'><strong>antiquissimo</strong></span> <span class='ocrx_word' id='word_1_186' title='bbox 777 3735 866 3802; x_wconf 88' lang='lat' dir='ltr'><strong>teste</strong></span> <span class='ocrx_word' id='word_1_187' title='bbox 891 3729 1036 3802; x_wconf 90' lang='lat' dir='ltr'><strong>Horatio</strong></span> <span class='ocrx_word' id='word_1_188' title='bbox 1062 3728 1172 3820; x_wconf 89' lang='lat' dir='ltr'><strong>Epod.</strong></span> <span class='ocrx_word' id='word_1_189' title='bbox 1187 3728 1281 3817; x_wconf 89' lang='lat' dir='ltr'><strong>XIV,</strong></span> <span class='ocrx_word' id='word_1_190' title='bbox 1297 3731 1316 3798; x_wconf 84' lang='lat'>9</span> <span class='ocrx_word' id='word_1_191' title='bbox 1333 3735 1508 3800; x_wconf 88' lang='lat' dir='ltr'><strong>servatum</strong></span> <span class='ocrx_word' id='word_1_192' title='bbox 1523 3735 1576 3801; x_wconf 88' lang='lat' dir='ltr'><strong>est</strong></span> <span class='ocrx_word' id='word_1_193' title='bbox 1592 3729 1693 3820; x_wconf 52' lang='lat' dir='ltr'><strong>aaa),</strong></span> 
     </span>
     <span class='ocr_line' id='line_1_25' title="bbox 440 3862 1695 3957; baseline 0 -21"><span class='ocrx_word' id='word_1_194' title='bbox 440 3883 551 3953; x_wconf 93' lang='lat' dir='ltr'><strong>neque</strong></span> <span class='ocrx_word' id='word_1_195' title='bbox 576 3864 758 3955; x_wconf 89' lang='lat' dir='ltr'><strong>quisquam</strong></span> <span class='ocrx_word' id='word_1_196' title='bbox 783 3885 936 3956; x_wconf 90' lang='lat' dir='ltr'><strong>unquam</strong></span> <span class='ocrx_word' id='word_1_197' title='bbox 974 3863 1016 3936; x_wconf 93' lang='lat' dir='ltr'><strong>de</strong></span> <span class='ocrx_word' id='word_1_198' title='bbox 1042 3886 1080 3937; x_wconf 92' lang='lat' dir='ltr'><strong>eo</strong></span> <span class='ocrx_word' id='word_1_199' title='bbox 1107 3862 1291 3937; x_wconf 87' lang='lat' dir='ltr'><strong>dubitavit.</strong></span> <span class='ocrx_word' id='word_1_200' title='bbox 1335 3863 1442 3936; x_wconf 89' lang='lat' dir='ltr'><strong>Porro</strong></span> <span class='ocrx_word' id='word_1_201' title='bbox 1468 3862 1582 3957; x_wconf 81' lang='lat' dir='ltr'><strong>Lycus</strong></span> <span class='ocrx_word' id='word_1_202' title='bbox 1607 3886 1695 3957; x_wconf 94' lang='lat' dir='ltr'><strong>quo-</strong></span> 
     </span>
     <span class='ocr_line' id='line_1_26' title="bbox 440 3977 1693 4091; baseline 0 -23"><span class='ocrx_word' id='word_1_203' title='bbox 440 4018 507 4089; x_wconf 92' lang='lat' dir='ltr'><strong>que</strong></span> <span class='ocrx_word' id='word_1_204' title='bbox 531 3977 664 4090; x_wconf 81' lang='lat' dir='ltr'><strong>Alcaei,¹</strong></span> <span class='ocrx_word' id='word_1_205' title='bbox 690 4019 791 4091; x_wconf 92' lang='lat' dir='ltr'><strong>quem</strong></span> <span class='ocrx_word' id='word_1_206' title='bbox 826 4004 974 4088; x_wconf 88' lang='lat' dir='ltr'><strong>apocta</strong></span> <span class='ocrx_word' id='word_1_207' title='bbox 1013 3999 1222 4072; x_wconf 89' lang='lat' dir='ltr'><strong>celebratum</strong></span> <span class='ocrx_word' id='word_1_208' title='bbox 1261 4019 1334 4070; x_wconf 91' lang='lat' dir='ltr'><strong>esse</strong></span> <span class='ocrx_word' id='word_1_209' title='bbox 1367 3996 1535 4070; x_wconf 88' lang='lat' dir='ltr'><strong>Horatius</strong></span> <span class='ocrx_word' id='word_1_210' title='bbox 1574 3995 1693 4069; x_wconf 81' lang='lat' dir='ltr'><strong>Carnu.</strong></span> 
     </span>
    </p>
   </div>
   <div class='ocr_carea' id='block_1_5' title="bbox 435 4255 1694 5140">
    <p class='ocr_par' dir='ltr' id='par_1_6' title="bbox 438 4255 1694 4699">
     <span class='ocr_line' id='line_1_27' title="bbox 547 4255 1694 4327; baseline -0.003 -13"><span class='ocrx_word' id='word_1_211' title='bbox 547 4257 570 4326; x_wconf 84' lang='lat'><strong>*)</strong></span> <span class='ocrx_word' id='word_1_212' title='bbox 587 4259 616 4315; x_wconf 76' lang='lat' dir='ltr'><strong>v,</strong></span> <span class='ocrx_word' id='word_1_213' title='bbox 636 4258 663 4316; x_wconf 82' lang='lat' dir='ltr'><strong>d.</strong></span> <span class='ocrx_word' id='word_1_214' title='bbox 684 4259 710 4315; x_wconf 89' lang='lat'><strong>0.</strong></span> <span class='ocrx_word' id='word_1_215' title='bbox 729 4257 842 4315; x_wconf 84' lang='lat' dir='ltr'><strong>Milleri</strong></span> <span class='ocrx_word' id='word_1_216' title='bbox 861 4257 1022 4315; x_wconf 74' lang='lat' dir='ltr'><strong>(ieschichte</strong></span> <span class='ocrx_word' id='word_1_217' title='bbox 1050 4258 1099 4313; x_wconf 90' lang='lat' dir='ltr'><strong>der</strong></span> <span class='ocrx_word' id='word_1_218' title='bbox 1118 4257 1221 4325; x_wconf 88' lang='lat' dir='ltr'><strong>griech.</strong></span> <span class='ocrx_word' id='word_1_219' title='bbox 1250 4257 1316 4314; x_wconf 85' lang='lat' dir='ltr'><strong>nitt.</strong></span> <span class='ocrx_word' id='word_1_220' title='bbox 1346 4257 1387 4313; x_wconf 89' lang='lat' dir='ltr'><strong>ed.</strong></span> <span class='ocrx_word' id='word_1_221' title='bbox 1407 4257 1433 4327; x_wconf 87' lang='grc'><strong>4,</strong></span> <span class='ocrx_word' id='word_1_222' title='bbox 1452 4257 1473 4312; x_wconf 90' lang='lat' dir='ltr'><strong>t.</strong></span> <span class='ocrx_word' id='word_1_223' title='bbox 1492 4257 1551 4326; x_wconf 89' lang='lat' dir='ltr'><strong>Ip.</strong></span> <span class='ocrx_word' id='word_1_224' title='bbox 1571 4255 1621 4312; x_wconf 82' lang='lat'><strong>291</strong></span> <span class='ocrx_word' id='word_1_225' title='bbox 1642 4269 1694 4327; x_wconf 76' lang='lat' dir='ltr'><strong>sq,</strong></span> 
     </span>
     <span class='ocr_line' id='line_1_28' title="bbox 439 4345 1692 4420; baseline -0.006 -14"><span class='ocrx_word' id='word_1_226' title='bbox 439 4348 521 4406; x_wconf 83' lang='lat' dir='ltr'><strong>Koch.</strong></span> <span class='ocrx_word' id='word_1_227' title='bbox 541 4351 561 4406; x_wconf 93' lang='lat' dir='ltr'><strong>l.</strong></span> <span class='ocrx_word' id='word_1_228' title='bbox 581 4349 600 4407; x_wconf 91' lang='lat' dir='ltr'><strong>l.</strong></span> <span class='ocrx_word' id='word_1_229' title='bbox 621 4349 734 4420; x_wconf 84' lang='lat' dir='ltr'><strong>passim,</strong></span> <span class='ocrx_word' id='word_1_230' title='bbox 753 4348 855 4417; x_wconf 75' lang='lat' dir='ltr'><strong>flach,</strong></span> <span class='ocrx_word' id='word_1_231' title='bbox 875 4348 923 4414; x_wconf 89' lang='lat' dir='ltr'><strong>qui</strong></span> <span class='ocrx_word' id='word_1_232' title='bbox 942 4347 1040 4404; x_wconf 82' lang='lat' dir='ltr'><strong>dhron.</strong></span> <span class='ocrx_word' id='word_1_233' title='bbox 1059 4349 1120 4404; x_wconf 90' lang='lat' dir='ltr'><strong>Par.</strong></span> <span class='ocrx_word' id='word_1_234' title='bbox 1140 4361 1165 4416; x_wconf 90' lang='lat' dir='ltr'><strong>p.</strong></span> <span class='ocrx_word' id='word_1_235' title='bbox 1179 4349 1284 4404; x_wconf 88' lang='lat' dir='ltr'><strong>18unn.</strong></span> <span class='ocrx_word' id='word_1_236' title='bbox 1304 4347 1375 4404; x_wconf 86' lang='lat' dir='ltr'><strong>adv.</strong></span> <span class='ocrx_word' id='word_1_237' title='bbox 1391 4349 1421 4404; x_wconf 81' lang='lat'><strong>51</strong></span> <span class='ocrx_word' id='word_1_238' title='bbox 1433 4345 1511 4401; x_wconf 90' lang='lat' dir='ltr'><strong>haec:</strong></span> <span class='ocrx_word' id='word_1_239' title='bbox 1534 4345 1692 4402; x_wconf 83' lang='lat' dir='ltr'><strong>‹Phaoni-</strong></span> 
     </span>
     <span class='ocr_line' id='line_1_29' title="bbox 439 4433 1693 4508; baseline -0.002 -15"><span class='ocrx_word' id='word_1_240' title='bbox 439 4438 675 4505; x_wconf 90' lang='lat' dir='ltr'><strong>inquit-nullum</strong></span> <span class='ocrx_word' id='word_1_241' title='bbox 694 4439 767 4508; x_wconf 91' lang='lat' dir='ltr'><strong>apud</strong></span> <span class='ocrx_word' id='word_1_242' title='bbox 786 4438 956 4505; x_wconf 85' lang='lat' dir='ltr'><strong>antiquiores</strong></span> <span class='ocrx_word' id='word_1_243' title='bbox 976 4439 1066 4492; x_wconf 88' lang='lat' dir='ltr'><strong>locum</strong></span> <span class='ocrx_word' id='word_1_244' title='bbox 1085 4436 1170 4491; x_wconf 85' lang='lat' dir='ltr'><strong>fuisse</strong></span> <span class='ocrx_word' id='word_1_245' title='bbox 1190 4437 1325 4508; x_wconf 82' lang='lat' dir='ltr'><strong>constat»,</strong></span> <span class='ocrx_word' id='word_1_246' title='bbox 1344 4436 1423 4507; x_wconf 82' lang='lat' dir='ltr'><strong>ulios3</strong></span> <span class='ocrx_word' id='word_1_247' title='bbox 1451 4435 1485 4492; x_wconf 89' lang='lat' dir='ltr'><strong>cf.</strong></span> <span class='ocrx_word' id='word_1_248' title='bbox 1506 4433 1582 4489; x_wconf 86' lang='lat' dir='ltr'><strong>infra</strong></span> <span class='ocrx_word' id='word_1_249' title='bbox 1600 4449 1626 4503; x_wconf 91' lang='lat' dir='ltr'><strong>p.</strong></span> <span class='ocrx_word' id='word_1_250' title='bbox 1648 4435 1693 4491; x_wconf 85' lang='lat'><strong>93.</strong></span> 
     </span>
     <span class='ocr_line' id='line_1_30' title="bbox 438 4523 1693 4598; baseline -0.006 -13"><span class='ocrx_word' id='word_1_251' title='bbox 438 4529 620 4598; x_wconf 76' lang='lat' dir='ltr'><strong>bomparettii</strong></span> <span class='ocrx_word' id='word_1_252' title='bbox 637 4530 860 4586; x_wconf 89' lang='lat' dir='ltr'><strong>lucubrationem</strong></span> <span class='ocrx_word' id='word_1_253' title='bbox 872 4528 958 4586; x_wconf 77' lang='lat' dir='ltr'><strong>«Saffo</strong></span> <span class='ocrx_word' id='word_1_254' title='bbox 979 4543 992 4582; x_wconf 89' lang='lat' dir='ltr'><strong>e</strong></span> <span class='ocrx_word' id='word_1_255' title='bbox 1011 4529 1099 4583; x_wconf 75' lang='lat' dir='ltr'><strong>laone</strong></span> <span class='ocrx_word' id='word_1_256' title='bbox 1119 4527 1230 4582; x_wconf 83' lang='lat' dir='ltr'><strong>dinanzi</strong></span> <span class='ocrx_word' id='word_1_257' title='bbox 1248 4529 1306 4597; x_wconf 86' lang='lat' dir='ltr'><strong>ulla</strong></span> <span class='ocrx_word' id='word_1_258' title='bbox 1326 4525 1427 4581; x_wconf 88' lang='lat' dir='ltr'><strong>critica</strong></span> <span class='ocrx_word' id='word_1_259' title='bbox 1446 4525 1547 4579; x_wconf 77' lang='lat' dir='ltr'><strong>storia»</strong></span> <span class='ocrx_word' id='word_1_260' title='bbox 1558 4523 1693 4596; x_wconf 75' lang='lat' dir='ltr'><strong>(lirense,</strong></span> 
     </span>
     <span class='ocr_line' id='line_1_31' title="bbox 440 4620 1446 4699; baseline -0.003 -23"><span class='ocrx_word' id='word_1_261' title='bbox 440 4621 519 4687; x_wconf 88' lang='grc'>1876)</span> <span class='ocrx_word' id='word_1_262' title='bbox 536 4635 590 4675; x_wconf 94' lang='lat' dir='ltr'><strong>nou</strong></span> <span class='ocrx_word' id='word_1_263' title='bbox 609 4620 788 4690; x_wconf 88' lang='lat' dir='ltr'><strong>inspeximus.</strong></span> <span class='ocrx_word' id='word_1_264' title='bbox 1442 4691 1446 4699; x_wconf 27' lang='grc' dir='ltr'>ι</span> 
     </span>
    </p>

    <p class='ocr_par' dir='ltr' id='par_1_7' title="bbox 435 4705 1693 5053">
     <span class='ocr_line' id='line_1_32' title="bbox 544 4705 1693 4779; baseline -0.005 -13"><span class='ocrx_word' id='word_1_265' title='bbox 544 4709 581 4777; x_wconf 76' lang='lat'><strong>*&#39;)</strong></span> <span class='ocrx_word' id='word_1_266' title='bbox 597 4711 687 4779; x_wconf 84' lang='lat' dir='ltr'><strong>Bergk</strong></span> <span class='ocrx_word' id='word_1_267' title='bbox 706 4712 757 4766; x_wconf 90' lang='lat' dir='ltr'><strong>hou</strong></span> <span class='ocrx_word' id='word_1_268' title='bbox 776 4726 861 4766; x_wconf 91' lang='lat' dir='ltr'><strong>uuum</strong></span> <span class='ocrx_word' id='word_1_269' title='bbox 879 4711 951 4778; x_wconf 87' lang='lat' dir='ltr'><strong>frag.</strong></span> <span class='ocrx_word' id='word_1_270' title='bbox 980 4711 1013 4767; x_wconf 79' lang='grc'><strong>29</strong></span> <span class='ocrx_word' id='word_1_271' title='bbox 1032 4711 1104 4776; x_wconf 87' lang='lat' dir='ltr'><strong>(coll.</strong></span> <span class='ocrx_word' id='word_1_272' title='bbox 1127 4712 1187 4776; x_wconf 83' lang='lat'>140)</span> <span class='ocrx_word' id='word_1_273' title='bbox 1215 4709 1249 4765; x_wconf 96' lang='lat' dir='ltr'><strong>ad</strong></span> <span class='ocrx_word' id='word_1_274' title='bbox 1267 4707 1405 4764; x_wconf 88' lang='lat' dir='ltr'><strong>Phaonem</strong></span> <span class='ocrx_word' id='word_1_275' title='bbox 1430 4707 1555 4775; x_wconf 83' lang='lat' dir='ltr'><strong>spectare</strong></span> <span class='ocrx_word' id='word_1_276' title='bbox 1578 4705 1693 4776; x_wconf 82' lang='lat' dir='ltr'><strong>statuit3</strong></span> 
     </span>
     <span class='ocr_line' id='line_1_33' title="bbox 436 4793 1693 4871; baseline -0.007 -15"><span class='ocrx_word' id='word_1_277' title='bbox 436 4815 485 4856; x_wconf 94' lang='lat' dir='ltr'><strong>nos</strong></span> <span class='ocrx_word' id='word_1_278' title='bbox 504 4802 597 4856; x_wconf 87' lang='lat' dir='ltr'><strong>autem</strong></span> <span class='ocrx_word' id='word_1_279' title='bbox 616 4801 776 4858; x_wconf 81' lang='lat' dir='ltr'><strong>Ouidianum</strong></span> <span class='ocrx_word' id='word_1_280' title='bbox 795 4801 944 4871; x_wconf 88' lang='lat' dir='ltr'><strong>epistulam</strong></span> <span class='ocrx_word' id='word_1_281' title='bbox 962 4800 1135 4869; x_wconf 88' lang='lat' dir='ltr'><strong>potissimum</strong></span> <span class='ocrx_word' id='word_1_282' title='bbox 1154 4798 1242 4853; x_wconf 86' lang='lat' dir='ltr'><strong>secuti</strong></span> <span class='ocrx_word' id='word_1_283' title='bbox 1259 4797 1328 4853; x_wconf 90' lang='lat' dir='ltr'><strong>hacc</strong></span> <span class='ocrx_word' id='word_1_284' title='bbox 1346 4796 1469 4851; x_wconf 88' lang='lat' dir='ltr'><strong>frustula</strong></span> <span class='ocrx_word' id='word_1_285' title='bbox 1486 4793 1693 4866; x_wconf 88' lang='lat' dir='ltr'><strong>ecarminibus,</strong></span> 
     </span>
     <span class='ocr_line' id='line_1_34' title="bbox 435 4885 1693 4960; baseline -0.004 -14"><span class='ocrx_word' id='word_1_286' title='bbox 435 4907 505 4959; x_wconf 88' lang='lat' dir='ltr'><strong>quae</strong></span> <span class='ocrx_word' id='word_1_287' title='bbox 525 4892 560 4946; x_wconf 92' lang='lat' dir='ltr'><strong>ad</strong></span> <span class='ocrx_word' id='word_1_288' title='bbox 579 4892 715 4948; x_wconf 85' lang='lat' dir='ltr'><strong>Phaonem</strong></span> <span class='ocrx_word' id='word_1_289' title='bbox 733 4891 939 4960; x_wconf 87' lang='lat' dir='ltr'><strong>referebantur,</strong></span> <span class='ocrx_word' id='word_1_290' title='bbox 957 4890 1042 4945; x_wconf 86' lang='lat' dir='ltr'><strong>ducta</strong></span> <span class='ocrx_word' id='word_1_291' title='bbox 1061 4904 1117 4944; x_wconf 86' lang='lat' dir='ltr'><strong>esse</strong></span> <span class='ocrx_word' id='word_1_292' title='bbox 1138 4902 1285 4943; x_wconf 89' lang='lat' dir='ltr'><strong>censemus:</strong></span> <span class='ocrx_word' id='word_1_293' title='bbox 1304 4885 1396 4953; x_wconf 86' lang='lat' dir='ltr'><strong>fragg.</strong></span> <span class='ocrx_word' id='word_1_294' title='bbox 1417 4885 1531 4954; x_wconf 81' lang='lat'>21-233</span> <span class='ocrx_word' id='word_1_295' title='bbox 1553 4885 1693 4955; x_wconf 81' lang='lat'>11031153</span> 
     </span>
     <span class='ocr_line' id='line_1_35' title="bbox 437 4972 1478 5053; baseline -0.01 -14"><span class='ocrx_word' id='word_1_296' title='bbox 437 4985 496 5053; x_wconf 80' lang='lat'><strong>1263</strong></span> <span class='ocrx_word' id='word_1_297' title='bbox 517 4997 550 5038; x_wconf 83' lang='lat' dir='ltr'><strong>ex</strong></span> <span class='ocrx_word' id='word_1_298' title='bbox 569 4983 709 5052; x_wconf 88' lang='lat' dir='ltr'><strong>adespotis</strong></span> <span class='ocrx_word' id='word_1_299' title='bbox 728 4995 792 5038; x_wconf 88' lang='lat' dir='ltr'><strong>vcro</strong></span> <span class='ocrx_word' id='word_1_300' title='bbox 813 4982 845 5039; x_wconf 80' lang='lat'><strong>56</strong></span> <span class='ocrx_word' id='word_1_301' title='bbox 864 4982 895 5052; x_wconf 80' lang='lat' dir='ltr'><strong>l,</strong></span> <span class='ocrx_word' id='word_1_302' title='bbox 914 4981 943 5052; x_wconf 80' lang='lat' dir='ltr'><strong>B3</strong></span> <span class='ocrx_word' id='word_1_303' title='bbox 963 4980 1005 5036; x_wconf 80' lang='lat'><strong>76.</strong></span> <span class='ocrx_word' id='word_1_304' title='bbox 1025 4980 1061 5035; x_wconf 81' lang='lat' dir='ltr'><strong>Ile</strong></span> <span class='ocrx_word' id='word_1_305' title='bbox 1080 4979 1152 5046; x_wconf 78' lang='lat' dir='ltr'><strong>trag,</strong></span> <span class='ocrx_word' id='word_1_306' title='bbox 1173 4978 1206 5036; x_wconf 74' lang='lat' dir='ltr'><strong>ts</strong></span> <span class='ocrx_word' id='word_1_307' title='bbox 1226 4991 1251 5033; x_wconf 82' lang='lat' dir='ltr'><strong>v.</strong></span> <span class='ocrx_word' id='word_1_308' title='bbox 1271 4976 1348 5031; x_wconf 86' lang='lat' dir='ltr'><strong>infra</strong></span> <span class='ocrx_word' id='word_1_309' title='bbox 1367 4992 1393 5046; x_wconf 93' lang='lat' dir='ltr'><strong>p.</strong></span> <span class='ocrx_word' id='word_1_310' title='bbox 1413 4972 1478 5038; x_wconf 67' lang='lat' dir='ltr'><strong>tr).</strong></span> 
     </span>
    </p>

    <p class='ocr_par' dir='ltr' id='par_1_8' title="bbox 511 5066 1261 5140">
     <span class='ocr_line' id='line_1_36' title="bbox 511 5066 1261 5140; baseline -0.011 -11"><span class='ocrx_word' id='word_1_311' title='bbox 511 5071 563 5140; x_wconf 83' lang='grc'>***)</span> <span class='ocrx_word' id='word_1_312' title='bbox 583 5072 659 5128; x_wconf 82' lang='lat' dir='ltr'><strong>«lion</strong></span> <span class='ocrx_word' id='word_1_313' title='bbox 678 5071 763 5128; x_wconf 89' lang='lat' dir='ltr'><strong>aliter</strong></span> <span class='ocrx_word' id='word_1_314' title='bbox 785 5070 875 5129; x_wconf 83' lang='lat' dir='ltr'><strong>Samio</strong></span> <span class='ocrx_word' id='word_1_315' title='bbox 896 5069 992 5125; x_wconf 88' lang='lat' dir='ltr'><strong>dicunt</strong></span> <span class='ocrx_word' id='word_1_316' title='bbox 1010 5068 1111 5124; x_wconf 86' lang='lat' dir='ltr'><strong>arsisse</strong></span> <span class='ocrx_word' id='word_1_317' title='bbox 1129 5066 1261 5136; x_wconf 73' lang='lat' dir='ltr'><strong>Bathyllo</strong></span> 
     </span>
    </p>
   </div>
   <div class='ocr_carea' id='block_1_6' title="bbox 647 5162 962 5224">
    <p class='ocr_par' dir='ltr' id='par_1_9' title="bbox 647 5162 962 5224">
     <span class='ocr_line' id='line_1_37' title="bbox 647 5162 962 5224; baseline -0.016 0"><span class='ocrx_word' id='word_1_318' title='bbox 647 5165 822 5224; x_wconf 73' lang='lat' dir='ltr'><strong>Anacreonta</strong></span> <span class='ocrx_word' id='word_1_319' title='bbox 842 5162 962 5220; x_wconf 69' lang='lat' dir='ltr'><strong>icium».</strong></span> 
     </span>
    </p>
   </div>
   <div class='ocr_carea' id='block_1_7' title="bbox 0 0 1896 6009">
    <p class='ocr_par' dir='ltr' id='par_1_10' title="bbox 0 0 1896 6009">
     <span class='ocr_line' id='line_1_38' title="bbox 0 0 1896 6009; baseline 0 0"><span class='ocrx_word' id='word_1_320' title='bbox 0 0 1896 6009; x_wconf 95' lang='lat' dir='ltr'><strong> </strong></span> 
     </span>
    </p>
   </div>
  </div>
 </body>
</html>
