3784 6014
702 545 898 620 -91-
976 541 978 546 ’

174 773 285 865 primo
312 782 452 865 aspectu
490 774 550 848 illa
588 777 837 868 epigrammata
874 781 1037 868 suspecta
1073 775 1197 849 reddit.
1237 773 1352 864 Bergk
1379 771 1423 845 ad
1512 765 1514 774 '

173 907 260 998 frag.
290 912 358 1008 120
385 914 522 982 tantum
549 910 613 982 hoc
638 912 850 1002 epigramma
874 918 1050 1005 tamquam
1062 911 1236 984 novicium
1258 908 1424 999 apoetria
1450 917 1454 926 ⁴

173 1041 359 1116 abiudicat:
398 1064 461 1116 nos
499 1066 579 1119 varo
606 1043 778 1120 Ouidiana
814 1047 963 1138 epistula
1001 1048 1108 1119 innisi
1148 1050 1263 1117 cetera
1288 1064 1424 1136 quoque

174 1177 295 1266 spuria
321 1197 395 1250 esse
419 1198 607 1251 censemus:
634 1181 671 1251 in
696 1178 755 1251 illa
780 1180 871 1252 enim
898 1180 1058 1271 Sapphus
1085 1180 1276 1254 carminum
1301 1176 1423 1250 editio-

174 1330 228 1400 ne,
255 1331 323 1400 qua
336 1308 482 1385 Ovidius
496 1312 669 1403 utebatur,
696 1320 905 1386 metrum
931 1314 1220 1406 elegiacum
1246 1311 1423 1385 vixexsti-

173 1445 257 1517 tissa
280 1467 322 1517 ex
346 1446 445 1537 epist.
473 1470 504 1520 v.
534 1451 553 1520 5
581 1468 631 1540 sq.
659 1447 817 1521 concludi
843 1453 966 1540 potest,
992 1449 1052 1520 ubi
1079 1447 1234 1538 legimus:

279 1580 441 1658 Forsitan
466 1588 510 1672 et,
537 1602 644 1673 quare
670 1603 745 1656 mea
769 1583 841 1656 sint
865 1584 1084 1674 alterna,
1110 1582 1272 1674 requiris,

328 1705 502 1807 Carmina,
529 1738 606 1788 cum
631 1717 821 1810 lyricis
847 1706 913 1789 sim
938 1719 1049 1807 magis
1074 1722 1158 1808 apta
1183 1714 1312 1789 modis?

172 1849 228 1921 Ex
252 1852 366 1924 verbis
391 1853 483 1923 enim
508 1850 596 1924 ‘sum
622 1852 782 1942 magis
820 1858 902 1944 apta
927 1852 1045 1947 lyricis
1071 1849 1194 1925 modis’
1232 1873 1274 1923 ex
1301 1825 1422 1923 Ovidii

172 1985 344 2058 sententia
368 1986 464 2077 sequi
490 1983 627 2070 videtur
652 1984 871 2076 Sapphonem
896 1984 1047 2076 elegiaco
1072 2006 1228 2076 numero,
1267 1986 1328 2075 qui
1353 1983 1423 2056 illis

173 2116 401 2226 alternis
440 2117 652 2191 carminibus
692 2117 904 2210 designatur,
957 2119 1121 2191 minus
1159 2122 1276 2210 aptam
1312 2117 1422 2190 fuisse

173 2254 290 2345 itaque
327 2276 405 2326 eum
443 2255 479 2327 in
517 2253 709 2328 scribendis
735 2254 947 2340 carminibus
986 2276 1056 2327 non
1082 2252 1294 2344 adhibuisse3
1334 2252 1425 2347 quod

174 2386 321 2460 Ovidius
346 2409 416 2461 non
441 2376 591 2481 inventis
629 2389 766 2461 ineius
803 2389 903 2461 libris
930 2388 1141 2461 carminibus
1180 2387 1330 2477 elegiaco
1356 2408 1422 2458 nu-

173 2541 266 2593 mero
292 2522 499 2613 conscriptis
526 2520 583 2594 illo
611 2520 762 2594 disticho
788 2521 958 2594 indicavit
970 2521 1016 2614 1).

698 2720 911 2730 *—

188 2810 192 2816 ¹
272 2835 344 2906 lam
371 2841 480 2908 restat
519 2841 558 2907 ut
584 2834 795 2926 colligamus,
822 2856 909 2926 quae
934 2857 955 2907 a
981 2835 1081 2907 nobis
1107 2833 1287 2907 enucleata
1323 2854 1344 2904 a
1370 2831 1424 2904 re'

174 2966 365 3039 cantiorum
391 2965 552 3058 Sapphus
577 2969 670 3040 vitae
695 2967 985 3058 descriptionibus
1011 2964 1182 3057 differant,
1209 2964 1424 3056 quofacilius

173 3100 314 3192 synopsi
339 3101 517 3191 proposita
542 3100 696 3192 intellegi
735 3103 853 3192 possit,
893 3099 977 3193 quid
1002 3100 1222 3172 emolumenti
1262 3103 1424 3171 enostra

171 3233 410 3306 lucubratione
436 3233 481 3306 ad
506 3235 660 3325 poetriae
698 3235 858 3308 not'tiam
884 3233 1123 3325 corrigendam
1161 3234 1214 3307 vel
1252 3235 1424 3329 complen-

173 3368 253 3442 dam
277 3367 483 3460 redundare
497 3375 691 3443 statuamus
708 3370 775 3463 11).

279 3503 434 3575 Primum
460 3503 579 3595 igitur,
606 3510 645 3576 ut
658 3526 679 3577 a
692 3503 853 3596 Sapphus
868 3505 1000 3578 familia
1014 3502 1244 3595 exordiamur,
1271 3504 1423 3595 poetriae

174 3635 349 3710 Ceroolam
374 3638 540 3710 maritum
565 3635 791 3730 reddidimus,
819 3639 874 3712 cui
900 3644 1037 3712 tantum
1074 3639 1112 3710 in
1144 3637 1341 3711 Atticorum
1367 3659 1422 3710 co-

171 3769 317 3844 moediis
341 3771 456 3845 locum
480 3773 590 3845 fuisse
614 3774 652 3845 in
677 3773 803 3864 vulgus
830 3771 993 3865 creditur,
1020 3773 1239 3865 patriamque
1264 3771 1338 3844 eius
1352 3792 1422 3844 non

172 3902 333 3977 Andrum
372 3906 532 3998 insulam,
572 3905 633 3978 sed
670 3905 893 3979 Antandrum
930 3908 1051 3979 urbem
1087 3905 1194 3978 fuisse
1231 3903 1421 3979 docuimus.

173 4111 351 4119 ..ψ-...-

280 4221 304 4288 ·)
322 4223 447 4280 dearum
474 4224 530 4280 iam
558 4225 632 4295 apud
651 4225 766 4283 Nauium
785 4229 805 4284 1.
824 4228 843 4283 1.
863 4241 890 4296 p.
912 4227 944 4284 10
963 4226 1032 4281 haec
1050 4225 1177 4294 legimus:
1195 4223 1305 4281 Addunt
1324 4222 1422 4280 Suidas

171 4315 200 4369 at
219 4313 337 4370 lludoaia
367 4309 593 4399 ἐπιγράμματα
630 4315 682 4380 καὶ
717 4309 846 4397 ἐλεγεῖα,
871 4314 1078 4384 Epigrammata
1105 4313 1238 4380 quaedam
1266 4313 1421 4382 supersunt,

171 4401 219 4458 sed
238 4402 342 4458 fidei
360 4404 513 4460 dubiae.
530 4404 568 4462 cf.
590 4405 663 4462 Sittl.
683 4406 702 4461 l.
721 4407 740 4461 1.
760 4420 786 4475 p.
807 4405 869 4475 329,
887 4404 934 4470 qui
953 4404 1022 4460 haeo
1040 4404 1174 4471 quattuor
1193 4402 1347 4458 carminum
1375 4415 1421 4469 ge·

170 4507 239 4548 nara
258 4508 274 4548 a
294 4493 438 4562 Sapphone
466 4494 626 4551 abiudicare
645 4509 700 4550 non
718 4497 851 4564 gravatus
880 4496 931 4566 est3
959 4494 1011 4551 alii
1036 4508 1108 4564 vero,
1137 4494 1169 4549 ut
1196 4491 1280 4549 lllaoh
1304 4493 1323 4547 l.
1352 4493 1371 4548 l.
1391 4506 1417 4560 p.

171 4585 223 4641 511
244 4595 282 4649 sq.
307 4585 335 4638 et
355 4585 512 4653 nuperrime
528 4585 600 4643 dail.
620 4586 712 4643 (ihr-ist
730 4587 760 4660 in
778 4587 825 4643 Iu.
844 4585 956 4643 lliilleri
974 4583 1125 4642 llandbuoh
1153 4584 1201 4639 der
1226 4583 1310 4639 klass.
1332 4582 1422 4638 Alter·

170 4673 438 4729 tumswissenschaft
456 4675 484 4730 r.
504 4676 554 4732 VII
572 4690 598 4744 p.
623 4677 672 4733 113
692 4676 860 4731 contrariam
879 4675 1046 4731 sententiam
1066 4674 1225 4739 sequuntur.

266 4760 303 4828 **)
321 4762 361 4817 Ad
379 4763 565 4829 quaestionem
594 4765 758 4833 Sapphicam
786 4766 943 4822 accuratius
967 4762 1180 4832 cognoscendam
1198 4761 1272 4817 haud
1291 4775 1422 4830 spernen-

169 4853 236 4906 dum
256 4851 454 4907 adminiculum
463 4853 577 4910 Carolus
596 4854 691 4910 Riedel
711 4855 901 4924 suppeditavit
920 4856 950 4909 in
961 4853 1197 4922 commentatione,
1216 4866 1284 4916 quae
1304 4850 1422 4922 inscrip-

169 4944 202 4996 ta
221 4942 271 4995 ost:
289 4943 342 4996 Iler
360 4944 562 5012 pogonati-nge
582 4944 667 5000 Stand
687 4944 735 4999 der
754 4943 953 5016 Sapphofrape.
973 4944 1119 5020 (lglaviaa
1139 4959 1162 4998 a.
1188 4943 1272 5005 1881).
