<?xml version="1.0" encoding="UTF-8"?>
<!DOCTYPE html PUBLIC "-//W3C//DTD XHTML 1.0 Transitional//EN"
    "http://www.w3.org/TR/xhtml1/DTD/xhtml1-transitional.dtd">
<html xmlns="http://www.w3.org/1999/xhtml" xml:lang="en" lang="en">
 <head>
  <title>
</title>
<meta http-equiv="Content-Type" content="text/html;charset=utf-8" />
  <meta name='ocr-system' content='tesseract 3.04.00' />
  <meta name='ocr-capabilities' content='ocr_page ocr_carea ocr_par ocr_line ocrx_word'/>
</head>
<body>
  <div class='ocr_page' id='page_1' title='image "./quaestionessapp01lugoog_0082.png"; bbox 0 0 3784 6014; ppageno 0'>
   <div class='ocr_carea' id='block_1_1' title="bbox 273 1914 1534 2010">
    <p class='ocr_par' dir='ltr' id='par_1_1' title="bbox 273 1914 1534 2010">
     <span class='ocr_line' id='line_1_1' title="bbox 273 1914 1534 2010; baseline 0.001 -23"><span class='ocrx_word' id='word_1_1' title='bbox 273 1914 361 1987; x_wconf 89' lang='lat' dir='ltr'>Cum</span> <span class='ocrx_word' id='word_1_2' title='bbox 386 1923 485 1988; x_wconf 84' lang='lat' dir='ltr'>tanto</span> <span class='ocrx_word' id='word_1_3' title='bbox 511 1917 663 1990; x_wconf 89' lang='lat' dir='ltr'>locorum</span> <span class='ocrx_word' id='word_1_4' title='bbox 690 1940 731 1990; x_wconf 87' lang='lat' dir='ltr'>ex</span> <span class='ocrx_word' id='word_1_5' title='bbox 758 1918 919 2009; x_wconf 82' lang='lat' dir='ltr'><strong>Sapphus</strong></span> <span class='ocrx_word' id='word_1_6' title='bbox 935 1919 1147 1991; x_wconf 82' lang='lat' dir='ltr'><strong>carminibus</strong></span> <span class='ocrx_word' id='word_1_7' title='bbox 1168 1919 1426 2010; x_wconf 90' lang='lat' dir='ltr'>desumptorum</span> <span class='ocrx_word' id='word_1_8' title='bbox 1531 1979 1534 1988; x_wconf 82' lang='grc'>,</span> 
     </span>
    </p>
   </div>
   <div class='ocr_carea' id='block_1_2' title="bbox 173 2051 1521 3484">
    <p class='ocr_par' dir='ltr' id='par_1_2' title="bbox 173 2051 1521 3484">
     <span class='ocr_line' id='line_1_2' title="bbox 173 2051 1521 2158; baseline 0.002 -37"><span class='ocrx_word' id='word_1_9' title='bbox 173 2072 316 2123; x_wconf 89' lang='lat' dir='ltr'>numero</span> <span class='ocrx_word' id='word_1_10' title='bbox 342 2051 483 2123; x_wconf 86' lang='lat' dir='ltr'>collecto</span> <span class='ocrx_word' id='word_1_11' title='bbox 509 2053 648 2142; x_wconf 92' lang='lat' dir='ltr'>penitus</span> <span class='ocrx_word' id='word_1_12' title='bbox 673 2053 948 2143; x_wconf 84' lang='lat' dir='ltr'>perspexerimus</span> <span class='ocrx_word' id='word_1_13' title='bbox 971 2053 1143 2158; x_wconf 87' lang='lat' dir='ltr'>planeque</span> <span class='ocrx_word' id='word_1_14' title='bbox 1164 2054 1426 2143; x_wconf 85' lang='lat' dir='ltr'>cognoverimus</span> <span class='ocrx_word' id='word_1_15' title='bbox 1519 2130 1521 2136; x_wconf 60' lang='grc'><em>,</em></span> 
     </span>
     <span class='ocr_line' id='line_1_3' title="bbox 175 2167 1426 2277; baseline 0.002 -23"><span class='ocrx_word' id='word_1_16' title='bbox 175 2181 339 2256; x_wconf 91' lang='lat' dir='ltr'>Ovidium</span> <span class='ocrx_word' id='word_1_17' title='bbox 365 2185 526 2274; x_wconf 82' lang='lat' dir='ltr'>Sapphus</span> <span class='ocrx_word' id='word_1_18' title='bbox 564 2167 747 2276; x_wconf 84' lang='lat' dir='ltr'>epistulam</span> <span class='ocrx_word' id='word_1_19' title='bbox 787 2187 1055 2276; x_wconf 89' lang='lat' dir='ltr'>compositurum</span> <span class='ocrx_word' id='word_1_20' title='bbox 1094 2187 1138 2258; x_wconf 94' lang='lat' dir='ltr'>ad</span> <span class='ocrx_word' id='word_1_21' title='bbox 1163 2188 1318 2277; x_wconf 83' lang='lat' dir='ltr'>poetriae</span> <span class='ocrx_word' id='word_1_22' title='bbox 1350 2208 1426 2259; x_wconf 92' lang='lat' dir='ltr'>car-</span> 
     </span>
     <span class='ocr_line' id='line_1_4' title="bbox 173 2320 1427 2414; baseline 0.001 -23"><span class='ocrx_word' id='word_1_23' title='bbox 173 2321 269 2392; x_wconf 90' lang='lat' dir='ltr'>mina</span> <span class='ocrx_word' id='word_1_24' title='bbox 295 2329 457 2393; x_wconf 88' lang='lat' dir='ltr'>accurate</span> <span class='ocrx_word' id='word_1_25' title='bbox 482 2321 665 2395; x_wconf 90' lang='lat' dir='ltr'>ediscenda</span> <span class='ocrx_word' id='word_1_26' title='bbox 691 2345 766 2394; x_wconf 90' lang='lat' dir='ltr'>sese</span> <span class='ocrx_word' id='word_1_27' title='bbox 792 2325 1012 2413; x_wconf 85' lang='lat' dir='ltr'>convertisse,</span> <span class='ocrx_word' id='word_1_28' title='bbox 1048 2325 1125 2414; x_wconf 90' lang='lat' dir='ltr'>ipsa</span> <span class='ocrx_word' id='word_1_29' title='bbox 1151 2323 1299 2414; x_wconf 87' lang='lat' dir='ltr'>epistula</span> <span class='ocrx_word' id='word_1_30' title='bbox 1324 2320 1427 2413; x_wconf 86' lang='lat' dir='ltr'>longe</span> 
     </span>
     <span class='ocr_line' id='line_1_5' title="bbox 173 2453 1425 2547; baseline 0.003 -24"><span class='ocrx_word' id='word_1_31' title='bbox 173 2453 316 2525; x_wconf 84' lang='lat' dir='ltr'>maximi</span> <span class='ocrx_word' id='word_1_32' title='bbox 341 2456 506 2528; x_wconf 89' lang='lat' dir='ltr'>momenti</span> <span class='ocrx_word' id='word_1_33' title='bbox 530 2455 622 2527; x_wconf 91' lang='lat' dir='ltr'>inter</span> <span class='ocrx_word' id='word_1_34' title='bbox 647 2457 845 2528; x_wconf 84' lang='lat' dir='ltr'>testimonia</span> <span class='ocrx_word' id='word_1_35' title='bbox 870 2455 914 2528; x_wconf 91' lang='lat' dir='ltr'>ad</span> <span class='ocrx_word' id='word_1_36' title='bbox 939 2457 1108 2546; x_wconf 88' lang='lat' dir='ltr'>poetriam</span> <span class='ocrx_word' id='word_1_37' title='bbox 1142 2457 1336 2547; x_wconf 84' lang='lat' dir='ltr'>spectantia</span> <span class='ocrx_word' id='word_1_38' title='bbox 1362 2455 1425 2527; x_wconf 92' lang='lat' dir='ltr'>ha-</span> 
     </span>
     <span class='ocr_line' id='line_1_6' title="bbox 173 2585 1426 2679; baseline 0.003 -22"><span class='ocrx_word' id='word_1_39' title='bbox 173 2585 289 2658; x_wconf 86' lang='lat' dir='ltr'>benda</span> <span class='ocrx_word' id='word_1_40' title='bbox 315 2593 376 2659; x_wconf 90' lang='lat' dir='ltr'>est.</span> <span class='ocrx_word' id='word_1_41' title='bbox 404 2587 528 2679; x_wconf 88' lang='lat' dir='ltr'>ltaque</span> <span class='ocrx_word' id='word_1_42' title='bbox 565 2591 708 2661; x_wconf 90' lang='lat' dir='ltr'>iecimus</span> <span class='ocrx_word' id='word_1_43' title='bbox 747 2588 840 2660; x_wconf 92' lang='lat' dir='ltr'>haud</span> <span class='ocrx_word' id='word_1_44' title='bbox 879 2588 1054 2674; x_wconf 90' lang='lat' dir='ltr'>infirmum</span> <span class='ocrx_word' id='word_1_45' title='bbox 1087 2588 1361 2679; x_wconf 86' lang='lat' dir='ltr'>fundamentum,</span> <span class='ocrx_word' id='word_1_46' title='bbox 1388 2589 1426 2661; x_wconf 95' lang='lat' dir='ltr'>in</span> 
     </span>
     <span class='ocr_line' id='line_1_7' title="bbox 173 2720 1427 2815; baseline -0.001 -23"><span class='ocrx_word' id='word_1_47' title='bbox 173 2743 244 2812; x_wconf 94' lang='lat' dir='ltr'>quo</span> <span class='ocrx_word' id='word_1_48' title='bbox 270 2723 469 2794; x_wconf 89' lang='lat' dir='ltr'>insistentes</span> <span class='ocrx_word' id='word_1_49' title='bbox 495 2722 592 2795; x_wconf 91' lang='lat' dir='ltr'>salva</span> <span class='ocrx_word' id='word_1_50' title='bbox 617 2725 753 2795; x_wconf 88' lang='lat' dir='ltr'>ratione</span> <span class='ocrx_word' id='word_1_51' title='bbox 792 2724 829 2794; x_wconf 95' lang='lat' dir='ltr'>in</span> <span class='ocrx_word' id='word_1_52' title='bbox 854 2722 973 2795; x_wconf 86' lang='lat' dir='ltr'>multis</span> <span class='ocrx_word' id='word_1_53' title='bbox 1000 2724 1111 2815; x_wconf 89' lang='lat' dir='ltr'>iisque</span> <span class='ocrx_word' id='word_1_54' title='bbox 1142 2723 1357 2814; x_wconf 83' lang='lat' dir='ltr'>gravissimis</span> <span class='ocrx_word' id='word_1_55' title='bbox 1385 2720 1427 2792; x_wconf 92' lang='lat' dir='ltr'>de</span> 
     </span>
     <span class='ocr_line' id='line_1_8' title="bbox 173 2857 1426 2960; baseline -0.003 -31"><span class='ocrx_word' id='word_1_56' title='bbox 173 2859 309 2960; x_wconf 87' lang='lat' dir='ltr'>poetria</span> <span class='ocrx_word' id='word_1_57' title='bbox 349 2858 608 2950; x_wconf 89' lang='lat' dir='ltr'>quaestionibus</span> <span class='ocrx_word' id='word_1_58' title='bbox 647 2857 820 2931; x_wconf 85' lang='lat' dir='ltr'>solvendis</span> <span class='ocrx_word' id='word_1_59' title='bbox 858 2858 966 2930; x_wconf 86' lang='lat' dir='ltr'>multo</span> <span class='ocrx_word' id='word_1_60' title='bbox 998 2857 1221 2930; x_wconf 85' lang='lat' dir='ltr'>verisimilius</span> <span class='ocrx_word' id='word_1_61' title='bbox 1259 2857 1426 2928; x_wconf 89' lang='lat' dir='ltr'>iudicium</span> 
     </span>
     <span class='ocr_line' id='line_1_9' title="bbox 173 2975 1426 3085; baseline -0.001 -24"><span class='ocrx_word' id='word_1_62' title='bbox 173 2975 266 3062; x_wconf 88' lang='lat' dir='ltr'>ferre</span> <span class='ocrx_word' id='word_1_63' title='bbox 290 2994 472 3083; x_wconf 74' lang='lat' dir='ltr'>possimus,</span> <span class='ocrx_word' id='word_1_64' title='bbox 511 3015 614 3085; x_wconf 90' lang='lat' dir='ltr'>quam</span> <span class='ocrx_word' id='word_1_65' title='bbox 653 2991 767 3064; x_wconf 90' lang='lat' dir='ltr'>adhue</span> <span class='ocrx_word' id='word_1_66' title='bbox 804 2991 920 3083; x_wconf 81' lang='lat' dir='ltr'>fiebat,</span> <span class='ocrx_word' id='word_1_67' title='bbox 960 3013 1036 3063; x_wconf 92' lang='lat' dir='ltr'>cum</span> <span class='ocrx_word' id='word_1_68' title='bbox 1075 2991 1231 3064; x_wconf 91' lang='lat' dir='ltr'>homines</span> <span class='ocrx_word' id='word_1_69' title='bbox 1269 2989 1426 3079; x_wconf 86' lang='lat' dir='ltr'>litterati,</span> 
     </span>
     <span class='ocr_line' id='line_1_10' title="bbox 174 3124 1427 3218; baseline 0.001 -23"><span class='ocrx_word' id='word_1_70' title='bbox 174 3126 346 3214; x_wconf 92' lang='lat' dir='ltr'>imprimis</span> <span class='ocrx_word' id='word_1_71' title='bbox 371 3127 592 3217; x_wconf 79' lang='lat' dir='ltr'>recentiores,</span> <span class='ocrx_word' id='word_1_72' title='bbox 626 3125 723 3197; x_wconf 88' lang='lat' dir='ltr'>falsis</span> <span class='ocrx_word' id='word_1_73' title='bbox 748 3125 968 3215; x_wconf 90' lang='lat' dir='ltr'>opinionibus</span> <span class='ocrx_word' id='word_1_74' title='bbox 994 3124 1127 3196; x_wconf 87' lang='lat' dir='ltr'>seducti</span> <span class='ocrx_word' id='word_1_75' title='bbox 1167 3145 1205 3196; x_wconf 91' lang='lat' dir='ltr'>eo</span> <span class='ocrx_word' id='word_1_76' title='bbox 1231 3124 1321 3218; x_wconf 91' lang='lat' dir='ltr'>quod</span> <span class='ocrx_word' id='word_1_77' title='bbox 1347 3146 1427 3215; x_wconf 85' lang='lat' dir='ltr'>gra-</span> 
     </span>
     <span class='ocr_line' id='line_1_11' title="bbox 173 3234 1427 3349; baseline 0 -20"><span class='ocrx_word' id='word_1_78' title='bbox 173 3234 354 3331; x_wconf 88' lang='lat' dir='ltr'>vissimum</span> <span class='ocrx_word' id='word_1_79' title='bbox 381 3267 456 3332; x_wconf 86' lang='lat' dir='ltr'>crat</span> <span class='ocrx_word' id='word_1_80' title='bbox 481 3257 675 3332; x_wconf 90' lang='lat' dir='ltr'>testimonio</span> <span class='ocrx_word' id='word_1_81' title='bbox 713 3264 853 3349; x_wconf 90' lang='lat' dir='ltr'>resputo</span> <span class='ocrx_word' id='word_1_82' title='bbox 892 3259 1050 3331; x_wconf 90' lang='lat' dir='ltr'>certatim</span> <span class='ocrx_word' id='word_1_83' title='bbox 1088 3259 1287 3332; x_wconf 93' lang='lat' dir='ltr'>coniciendo</span> <span class='ocrx_word' id='word_1_84' title='bbox 1327 3264 1361 3330; x_wconf 88' lang='lat' dir='ltr'>et</span> <span class='ocrx_word' id='word_1_85' title='bbox 1386 3279 1427 3330; x_wconf 87' lang='lat' dir='ltr'>ex</span> 
     </span>
     <span class='ocr_line' id='line_1_12' title="bbox 174 3369 1428 3484; baseline 0.002 -21"><span class='ocrx_word' id='word_1_86' title='bbox 174 3393 313 3465; x_wconf 87' lang='lat' dir='ltr'>silentio</span> <span class='ocrx_word' id='word_1_87' title='bbox 339 3399 519 3465; x_wconf 88' lang='lat' dir='ltr'>auctorum</span> <span class='ocrx_word' id='word_1_88' title='bbox 546 3369 850 3465; x_wconf 82' lang='lat' dir='ltr'>concludendo&#39;ad</span> <span class='ocrx_word' id='word_1_89' title='bbox 876 3395 1059 3467; x_wconf 85' lang='lat' dir='ltr'>veritatem</span> <span class='ocrx_word' id='word_1_90' title='bbox 1095 3394 1238 3484; x_wconf 92' lang='lat' dir='ltr'>propius</span> <span class='ocrx_word' id='word_1_91' title='bbox 1265 3392 1428 3466; x_wconf 87' lang='lat' dir='ltr'>accedere</span> 
     </span>
    </p>
   </div>
   <div class='ocr_carea' id='block_1_3' title="bbox 175 3524 1428 3620">
    <p class='ocr_par' dir='ltr' id='par_1_3' title="bbox 175 3524 1428 3620">
     <span class='ocr_line' id='line_1_13' title="bbox 175 3524 1428 3620; baseline 0 -21"><span class='ocrx_word' id='word_1_92' title='bbox 175 3533 385 3600; x_wconf 88' lang='lat' dir='ltr'>conarentur</span> <span class='ocrx_word' id='word_1_93' title='bbox 401 3528 448 3620; x_wconf 65' lang='lat' dir='ltr'>ll.</span> <span class='ocrx_word' id='word_1_94' title='bbox 489 3528 562 3600; x_wconf 90' lang='lat' dir='ltr'>lam</span> <span class='ocrx_word' id='word_1_95' title='bbox 594 3529 703 3618; x_wconf 86' lang='lat' dir='ltr'>igitur</span> <span class='ocrx_word' id='word_1_96' title='bbox 741 3527 785 3600; x_wconf 87' lang='lat' dir='ltr'>ad</span> <span class='ocrx_word' id='word_1_97' title='bbox 811 3529 950 3618; x_wconf 82' lang='lat' dir='ltr'>singula</span> <span class='ocrx_word' id='word_1_98' title='bbox 975 3524 1188 3600; x_wconf 86' lang='lat' dir='ltr'>accedamus.</span> <span class='ocrx_word' id='word_1_99' title='bbox 1231 3527 1321 3600; x_wconf 86' lang='lat' dir='ltr'>Sane</span> <span class='ocrx_word' id='word_1_100' title='bbox 1358 3550 1428 3599; x_wconf 94' lang='lat' dir='ltr'>non</span> 
     </span>
    </p>
   </div>
   <div class='ocr_carea' id='block_1_4' title="bbox 174 3662 1428 3891">
    <p class='ocr_par' dir='ltr' id='par_1_4' title="bbox 174 3662 1428 3891">
     <span class='ocr_line' id='line_1_14' title="bbox 175 3662 1428 3754; baseline 0.002 -21"><span class='ocrx_word' id='word_1_101' title='bbox 175 3662 344 3734; x_wconf 88' lang='lat' dir='ltr'>habemus</span> <span class='ocrx_word' id='word_1_102' title='bbox 370 3664 407 3735; x_wconf 90' lang='lat' dir='ltr'>in</span> <span class='ocrx_word' id='word_1_103' title='bbox 433 3663 546 3736; x_wconf 91' lang='lat' dir='ltr'>animo</span> <span class='ocrx_word' id='word_1_104' title='bbox 585 3669 692 3735; x_wconf 84' lang='lat' dir='ltr'>totam</span> <span class='ocrx_word' id='word_1_105' title='bbox 731 3663 774 3734; x_wconf 93' lang='lat' dir='ltr'>de</span> <span class='ocrx_word' id='word_1_106' title='bbox 810 3665 944 3754; x_wconf 89' lang='lat' dir='ltr'>poetria</span> <span class='ocrx_word' id='word_1_107' title='bbox 983 3664 1184 3754; x_wconf 93' lang='lat' dir='ltr'>opinionum</span> <span class='ocrx_word' id='word_1_108' title='bbox 1215 3664 1428 3754; x_wconf 83' lang='lat' dir='ltr'>farraginem</span> 
     </span>
     <span class='ocr_line' id='line_1_15' title="bbox 174 3795 1428 3891; baseline 0.003 -26"><span class='ocrx_word' id='word_1_109' title='bbox 174 3800 506 3888; x_wconf 89' lang='lat' dir='ltr'>recensere-(sunt</span> <span class='ocrx_word' id='word_1_110' title='bbox 534 3798 625 3870; x_wconf 91' lang='lat' dir='ltr'>enim</span> <span class='ocrx_word' id='word_1_111' title='bbox 651 3795 819 3889; x_wconf 87' lang='lat' dir='ltr'>quaedam</span> <span class='ocrx_word' id='word_1_112' title='bbox 846 3797 1024 3889; x_wconf 84' lang='lat' dir='ltr'>eiusmodi,</span> <span class='ocrx_word' id='word_1_113' title='bbox 1064 3804 1171 3870; x_wconf 90' lang='lat' dir='ltr'>utne</span> <span class='ocrx_word' id='word_1_114' title='bbox 1197 3798 1252 3869; x_wconf 89' lang='lat' dir='ltr'>his</span> <span class='ocrx_word' id='word_1_115' title='bbox 1289 3797 1428 3891; x_wconf 91' lang='lat' dir='ltr'>quidem</span> 
     </span>
    </p>
   </div>
   <div class='ocr_carea' id='block_1_5' title="bbox 174 3930 1429 4157">
    <p class='ocr_par' dir='ltr' id='par_1_5' title="bbox 174 3930 1429 4157">
     <span class='ocr_line' id='line_1_16' title="bbox 175 3930 1429 4025; baseline -0.004 -18"><span class='ocrx_word' id='word_1_116' title='bbox 175 3934 316 4007; x_wconf 87' lang='lat' dir='ltr'>auxiliis</span> <span class='ocrx_word' id='word_1_117' title='bbox 343 3934 510 4007; x_wconf 88' lang='lat' dir='ltr'>adhibitis</span> <span class='ocrx_word' id='word_1_118' title='bbox 536 3930 723 4024; x_wconf 91' lang='lat' dir='ltr'>quidquam</span> <span class='ocrx_word' id='word_1_119' title='bbox 749 3930 869 4022; x_wconf 85' lang='lat' dir='ltr'>profici</span> <span class='ocrx_word' id='word_1_120' title='bbox 894 3953 995 4022; x_wconf 91' lang='lat' dir='ltr'>posse</span> <span class='ocrx_word' id='word_1_121' title='bbox 1020 3931 1257 4025; x_wconf 84' lang='lat' dir='ltr'>videatur)-;</span> <span class='ocrx_word' id='word_1_122' title='bbox 1284 3938 1320 4004; x_wconf 94' lang='lat' dir='ltr'>at</span> <span class='ocrx_word' id='word_1_123' title='bbox 1333 3932 1429 4004; x_wconf 93' lang='lat' dir='ltr'>volu-</span> 
     </span>
     <span class='ocr_line' id='line_1_17' title="bbox 174 4062 1428 4157; baseline -0.002 -19"><span class='ocrx_word' id='word_1_124' title='bbox 174 4089 252 4139; x_wconf 89' lang='lat' dir='ltr'>mus</span> <span class='ocrx_word' id='word_1_125' title='bbox 278 4067 448 4157; x_wconf 90' lang='lat' dir='ltr'>imprimis</span> <span class='ocrx_word' id='word_1_126' title='bbox 474 4087 515 4137; x_wconf 87' lang='lat' dir='ltr'>ea</span> <span class='ocrx_word' id='word_1_127' title='bbox 541 4063 700 4155; x_wconf 58' lang='lat' dir='ltr'>seligere</span> <span class='ocrx_word' id='word_1_128' title='bbox 737 4085 825 4155; x_wconf 91' lang='lat' dir='ltr'>quae</span> <span class='ocrx_word' id='word_1_129' title='bbox 864 4085 905 4136; x_wconf 87' lang='lat' dir='ltr'>ex</span> <span class='ocrx_word' id='word_1_130' title='bbox 932 4062 1105 4138; x_wconf 88' lang='lat' dir='ltr'>Ovidiana</span> <span class='ocrx_word' id='word_1_131' title='bbox 1143 4065 1291 4157; x_wconf 86' lang='lat' dir='ltr'>epistula</span> <span class='ocrx_word' id='word_1_132' title='bbox 1323 4063 1428 4136; x_wconf 89' lang='lat' dir='ltr'>ducta</span> 
     </span>
    </p>
   </div>
   <div class='ocr_carea' id='block_1_6' title="bbox 176 4285 233 4292">
    <p class='ocr_par' dir='ltr' id='par_1_6' title="bbox 176 4285 233 4292">
     <span class='ocr_line' id='line_1_18' title="bbox 176 4285 233 4292; baseline 0 0"><span class='ocrx_word' id='word_1_133' title='bbox 176 4285 233 4292; x_wconf 73' lang='grc'>--.</span> 
     </span>
    </p>
   </div>
   <div class='ocr_carea' id='block_1_7' title="bbox 175 4411 1431 5032">
    <p class='ocr_par' dir='ltr' id='par_1_7' title="bbox 175 4411 1431 5032">
     <span class='ocr_line' id='line_1_19' title="bbox 285 4411 1428 4484; baseline -0.003 -12"><span class='ocrx_word' id='word_1_134' title='bbox 285 4415 308 4483; x_wconf 83' lang='grc'>*)</span> <span class='ocrx_word' id='word_1_135' title='bbox 336 4417 436 4472; x_wconf 77' lang='lat' dir='ltr'>Facere</span> <span class='ocrx_word' id='word_1_136' title='bbox 464 4430 519 4469; x_wconf 89' lang='lat' dir='ltr'>non</span> <span class='ocrx_word' id='word_1_137' title='bbox 546 4428 665 4484; x_wconf 89' lang='lat' dir='ltr'>possum,</span> <span class='ocrx_word' id='word_1_138' title='bbox 693 4412 760 4480; x_wconf 76' lang='lat' dir='ltr'>quin</span> <span class='ocrx_word' id='word_1_139' title='bbox 787 4412 924 4468; x_wconf 86' lang='lat' dir='ltr'>Wolcheri</span> <span class='ocrx_word' id='word_1_140' title='bbox 952 4413 1031 4469; x_wconf 88' lang='lat' dir='ltr'>illius</span> <span class='ocrx_word' id='word_1_141' title='bbox 1058 4411 1272 4481; x_wconf 80' lang='lat' dir='ltr'>ingeniosissimi</span> <span class='ocrx_word' id='word_1_142' title='bbox 1304 4411 1428 4482; x_wconf 84' lang='lat' dir='ltr'>poetriae</span> 
     </span>
     <span class='ocr_line' id='line_1_20' title="bbox 175 4501 1431 4579; baseline -0.007 -15"><span class='ocrx_word' id='word_1_143' title='bbox 175 4507 290 4579; x_wconf 86' lang='lat' dir='ltr'>patroni</span> <span class='ocrx_word' id='word_1_144' title='bbox 308 4506 474 4562; x_wconf 86' lang='lat' dir='ltr'>sententium</span> <span class='ocrx_word' id='word_1_145' title='bbox 493 4518 637 4574; x_wconf 87' lang='lat' dir='ltr'>apponam,</span> <span class='ocrx_word' id='word_1_146' title='bbox 657 4517 726 4569; x_wconf 84' lang='lat' dir='ltr'>quoe</span> <span class='ocrx_word' id='word_1_147' title='bbox 745 4503 775 4556; x_wconf 91' lang='lat' dir='ltr'>in</span> <span class='ocrx_word' id='word_1_148' title='bbox 793 4503 952 4558; x_wconf 86' lang='lat' dir='ltr'>universum</span> <span class='ocrx_word' id='word_1_149' title='bbox 972 4502 1047 4558; x_wconf 83' lang='lat' dir='ltr'>dicta</span> <span class='ocrx_word' id='word_1_150' title='bbox 1066 4502 1119 4557; x_wconf 86' lang='lat' dir='ltr'>huc</span> <span class='ocrx_word' id='word_1_151' title='bbox 1137 4515 1242 4569; x_wconf 83' lang='lat' dir='ltr'>qnoque</span> <span class='ocrx_word' id='word_1_152' title='bbox 1260 4502 1355 4556; x_wconf 89' lang='lat' dir='ltr'>nostra</span> <span class='ocrx_word' id='word_1_153' title='bbox 1375 4501 1431 4555; x_wconf 90' lang='lat' dir='ltr'>dis·</span> 
     </span>
     <span class='ocr_line' id='line_1_21' title="bbox 176 4591 1430 4666; baseline -0.006 -13"><span class='ocrx_word' id='word_1_154' title='bbox 176 4597 325 4664; x_wconf 84' lang='lat' dir='ltr'>quisitione</span> <span class='ocrx_word' id='word_1_155' title='bbox 352 4595 454 4666; x_wconf 89' lang='lat' dir='ltr'>optime</span> <span class='ocrx_word' id='word_1_156' title='bbox 473 4594 615 4665; x_wconf 67' lang='lat' dir='ltr'>probatum</span> <span class='ocrx_word' id='word_1_157' title='bbox 635 4592 711 4654; x_wconf 85' lang='lat' dir='ltr'>ouius</span> <span class='ocrx_word' id='word_1_158' title='bbox 739 4593 824 4647; x_wconf 86' lang='lat' dir='ltr'>verbu</span> <span class='ocrx_word' id='word_1_159' title='bbox 853 4591 917 4646; x_wconf 88' lang='lat' dir='ltr'>sunt</span> <span class='ocrx_word' id='word_1_160' title='bbox 942 4594 976 4656; x_wconf 85' lang='lat' dir='ltr'>(v.</span> <span class='ocrx_word' id='word_1_161' title='bbox 1005 4592 1047 4648; x_wconf 88' lang='lat' dir='ltr'>lll.</span> <span class='ocrx_word' id='word_1_162' title='bbox 1078 4591 1219 4648; x_wconf 82' lang='lat' dir='ltr'>Schriften</span> <span class='ocrx_word' id='word_1_163' title='bbox 1246 4591 1274 4646; x_wconf 90' lang='lat'>11</span> <span class='ocrx_word' id='word_1_164' title='bbox 1302 4606 1328 4660; x_wconf 88' lang='lat' dir='ltr'>p.</span> <span class='ocrx_word' id='word_1_165' title='bbox 1361 4591 1430 4657; x_wconf 76' lang='lat'>129)=</span> 
     </span>
     <span class='ocr_line' id='line_1_22' title="bbox 178 4679 1431 4754; baseline -0.007 -11"><span class='ocrx_word' id='word_1_166' title='bbox 178 4685 252 4743; x_wconf 76' lang='lat' dir='ltr'>«huf</span> <span class='ocrx_word' id='word_1_167' title='bbox 266 4685 330 4754; x_wconf 75' lang='lat' dir='ltr'>che</span> <span class='ocrx_word' id='word_1_168' title='bbox 349 4687 471 4752; x_wconf 77' lang='lat' dir='ltr'>grisserc</span> <span class='ocrx_word' id='word_1_169' title='bbox 492 4682 547 4738; x_wconf 90' lang='lat' dir='ltr'>nnd</span> <span class='ocrx_word' id='word_1_170' title='bbox 565 4681 669 4736; x_wconf 88' lang='lat' dir='ltr'>tiofc</span> <span class='ocrx_word' id='word_1_171' title='bbox 683 4695 698 4735; x_wconf 93' lang='lat' dir='ltr'>r</span> <span class='ocrx_word' id='word_1_172' title='bbox 717 4681 758 4736; x_wconf 88' lang='lat' dir='ltr'>he</span> <span class='ocrx_word' id='word_1_173' title='bbox 768 4681 867 4748; x_wconf 83' lang='lat' dir='ltr'>griin</span> <span class='ocrx_word' id='word_1_174' title='bbox 878 4680 965 4735; x_wconf 87' lang='lat' dir='ltr'>dete</span> <span class='ocrx_word' id='word_1_175' title='bbox 985 4680 1130 4736; x_wconf 86' lang='lat' dir='ltr'>Wahrhoit</span> <span class='ocrx_word' id='word_1_176' title='bbox 1148 4679 1278 4736; x_wconf 85' lang='lat' dir='ltr'>hoziohen</span> <span class='ocrx_word' id='word_1_177' title='bbox 1302 4679 1361 4735; x_wconf 92' lang='lat' dir='ltr'>sich</span> <span class='ocrx_word' id='word_1_178' title='bbox 1379 4680 1431 4734; x_wconf 93' lang='lat' dir='ltr'>im-</span> 
     </span>
     <span class='ocr_line' id='line_1_23' title="bbox 176 4769 1430 4843; baseline -0.006 -10"><span class='ocrx_word' id='word_1_179' title='bbox 176 4793 237 4833; x_wconf 90' lang='lat' dir='ltr'>mer</span> <span class='ocrx_word' id='word_1_180' title='bbox 255 4777 329 4832; x_wconf 88' lang='lat' dir='ltr'>viele</span> <span class='ocrx_word' id='word_1_181' title='bbox 348 4774 578 4843; x_wconf 79' lang='lat' dir='ltr'>untergeordnete</span> <span class='ocrx_word' id='word_1_182' title='bbox 597 4772 737 4840; x_wconf 82' lang='lat' dir='ltr'>hingo...</span> <span class='ocrx_word' id='word_1_183' title='bbox 765 4773 799 4827; x_wconf 88' lang='lat' dir='ltr'>lls</span> <span class='ocrx_word' id='word_1_184' title='bbox 817 4771 856 4825; x_wconf 85' lang='lat' dir='ltr'>ist</span> <span class='ocrx_word' id='word_1_185' title='bbox 875 4770 924 4825; x_wconf 89' lang='lat' dir='ltr'>dor</span> <span class='ocrx_word' id='word_1_186' title='bbox 942 4770 1159 4827; x_wconf 84' lang='lat' dir='ltr'>Nehenvortheil</span> <span class='ocrx_word' id='word_1_187' title='bbox 1187 4771 1236 4825; x_wconf 88' lang='lat' dir='ltr'>dor</span> <span class='ocrx_word' id='word_1_188' title='bbox 1265 4769 1352 4825; x_wconf 79' lang='lat' dir='ltr'>eins</span> <span class='ocrx_word' id='word_1_189' title='bbox 1361 4770 1430 4825; x_wconf 88' lang='lat' dir='ltr'>ach</span> 
     </span>
     <span class='ocr_line' id='line_1_24' title="bbox 175 4858 1431 4934; baseline -0.008 -11"><span class='ocrx_word' id='word_1_190' title='bbox 175 4867 393 4934; x_wconf 66' lang='lat' dir='ltr'>richmgen</span> <span class='ocrx_word' id='word_1_191' title='bbox 420 4860 906 4931; x_wconf 73' lang='lat' dir='ltr'>Wohrnehmung‚omssm</span> <span class='ocrx_word' id='word_1_192' title='bbox 931 4859 1198 4915; x_wconf 81' lang='lat' dir='ltr'>musicheron</span> <span class='ocrx_word' id='word_1_193' title='bbox 1233 4858 1431 4914; x_wconf 71' lang='lat' dir='ltr'>Berichti</span> 
     </span>
     <span class='ocr_line' id='line_1_25' title="bbox 176 4949 1428 5032; baseline -0.01 -17"><span class='ocrx_word' id='word_1_194' title='bbox 176 4955 619 5029; x_wconf 75' lang='lat' dir='ltr'>gungviolorundern</span> <span class='ocrx_word' id='word_1_195' title='bbox 646 4952 856 5010; x_wconf 79' lang='lat' dir='ltr'>Umsthndo</span> <span class='ocrx_word' id='word_1_196' title='bbox 885 4950 1264 5018; x_wconf 81' lang='lat' dir='ltr'>nndBeniohungon</span> <span class='ocrx_word' id='word_1_197' title='bbox 1292 4949 1428 5032; x_wconf 74' lang='lat' dir='ltr'>varan</span> 
     </span>
    </p>
   </div>
   <div class='ocr_carea' id='block_1_8' title="bbox 177 5047 514 5117">
    <p class='ocr_par' dir='ltr' id='par_1_8' title="bbox 177 5047 514 5117">
     <span class='ocr_line' id='line_1_26' title="bbox 177 5047 514 5117; baseline -0.009 -11"><span class='ocrx_word' id='word_1_198' title='bbox 177 5053 347 5117; x_wconf 82' lang='lat' dir='ltr'>lassnng</span> <span class='ocrx_word' id='word_1_199' title='bbox 374 5047 514 5116; x_wconf 78' lang='lat' dir='ltr'>gicht».</span> 
     </span>
    </p>
   </div>
   <div class='ocr_carea' id='block_1_9' title="bbox 1201 5151 1221 5220">
    <p class='ocr_par' dir='ltr' id='par_1_9' title="bbox 1201 5151 1221 5220">
     <span class='ocr_line' id='line_1_27' title="bbox 1201 5151 1221 5220; baseline 0 0"><span class='ocrx_word' id='word_1_200' title='bbox 1201 5151 1221 5220; x_wconf 82' lang='lat'>5</span> 
     </span>
    </p>
   </div>
   <div class='ocr_carea' id='block_1_10' title="bbox 0 0 1902 6004">
    <p class='ocr_par' dir='ltr' id='par_1_10' title="bbox 0 0 1902 6004">
     <span class='ocr_line' id='line_1_28' title="bbox 0 0 1902 6004; baseline 0 0"><span class='ocrx_word' id='word_1_201' title='bbox 0 0 1902 6004; x_wconf 95' lang='lat' dir='ltr'> </span> 
     </span>
    </p>
   </div>
  </div>
 </body>
</html>
