3784 6014
749 599 798 613 -
825 561 894 632 105
924 597 974 664 ·.

237 797 324 869 chon
348 815 419 868 non
444 816 535 885 casu,
563 791 623 864 sed
648 791 691 864 de
715 793 889 867 industria
914 794 1076 866 omissum
1116 815 1191 901 esse
1215 793 1361 868 videtur:
1403 818 1480 869 cum

234 933 325 1002 enim
350 927 464 1001 scriba
490 927 640 1001 Nasonis
666 925 815 999 nitidum
827 927 941 999 lusum
961 949 1030 999 non
1045 926 1357 1020 comprehenderet,
1383 930 1481 1019 prius

236 1066 408 1138 distichon
434 1063 704 1154 dittographiam
729 1061 901 1156 quandam
927 1077 1001 1136 esse
1026 1061 1216 1138 arbitratus
1234 1064 1484 1137 missumfecit.

331 1189 428 1272 Haec
445 1200 523 1272 'iere
548 1205 640 1290 sunt,
667 1198 790 1290 quibus
816 1196 944 1273 additis
969 1197 1172 1274 Baehrensii
1211 1198 1382 1272 sententia
1407 1213 1482 1272 sus-

235 1338 362 1410 tentari
387 1355 487 1428 posse
511 1333 598 1408 mihi
623 1313 791 1407 videatur.

822 1661 912 1776 lll.

330 1916 404 1988 Iam
442 1915 486 1988 ad
524 1915 662 2006 singula
699 1915 866 2009 quaedam
892 1916 1059 2006 epistulae
1099 1915 1205 1990 verba
1243 1923 1484 1991 convertamur

234 2049 487 2143 videamusque,
514 2073 598 2123 num
624 2052 778 2123 homines
805 2049 897 2124 docti
922 2052 998 2122 iure
1023 2051 1060 2122 in
1085 2052 1130 2122 iis
1156 2048 1370 2125 offenderint.
1405 2051 1485 2124 Huc

234 2185 433 2258 referuntur
458 2185 607 2285 primum
633 2183 700 2257 duo
725 2206 850 2275 graeca
874 2183 992 2276 verba,
1019 2185 1133 2278 chelys
1159 2207 1192 2256 v.
1223 2189 1289 2257 181
1318 2191 1352 2256 et
1367 2184 1485 2257 barbi-

234 2327 288 2392 tos
313 2341 346 2390 v.
362 2323 396 2410 8,
424 2340 512 2412 quae
536 2318 647 2413 lyram
672 2320 789 2392 valent
804 2320 853 2411 ⁴⁶),
879 2325 1062 2426 utrumque
1099 2318 1212 2391 Birtio
1237 2320 1328 2391 inter
1354 2318 1423 2392 alia
1447 2319 1485 2391 in

236 2475 340 2527 causa
364 2454 441 2544 luit,
468 2474 575 2545 quare
612 2453 703 2524 hanc
742 2452 925 2544 epistulam
964 2452 1118 2542 spuriam
1148 2459 1184 2524 et
1208 2475 1229 2524 a
1253 2451 1487 2526 versificatore
1606 2505 1612 2517 ‚

234 2589 383 2684 quodam
407 2590 531 2661 aetatis
558 2587 736 2660 Neroneae
762 2587 950 2674 confectam
976 2607 1049 2658 esse
1074 2583 1296 2660 contenderet
1311 2588 1382 2680 11).
1421 2585 1486 2660 At-

235 2735 352 2800 tamen
376 2726 406 2797 si
432 2724 661 2797 demonstrari
699 2729 812 2815 potest
849 2728 1033 2815 utrumque
1070 2721 1275 2796 vocabulum
1314 2720 1486 2815 111811-

232 2860 361 2952 phus
413 2858 733 2931 carminibus
784 2858 966 2948 exstitisse,
1005 2856 1065 2929 illa
1091 2857 1242 2948 suspicio
1267 2855 1311 2930 ad
1338 2855 1486 2930 nihilum
1552 2909 1556 2919 .

234 2962 368 3066 recidat
405 3012 543 3064 necesse
567 2999 629 3064 est.
668 2990 716 3064 Et
740 3011 871 3082 revera,
910 2989 1002 3082 apud
1041 2989 1209 3081 poetriam
1247 2998 1282 3063 et
1323 2979 1486 3088 χέλννα

238 3128 285 3219 (v.
317 3127 359 3198 fr.
389 3131 470 3218 169,
498 3145 586 3197 corr.
614 3095 756 3217 Bergk.)
796 3122 977 3214 legebatur
1014 3131 1049 3197 et
1074 3126 1189 3214 ipsum
1220 3113 1356 3222 χέλυς
1394 3147 1487 3198 nunc

236 3281 371 3353 quoque
395 3260 540 3350 legimus
567 3260 609 3332 fr.
638 3263 697 3335 45:

444 3479 446 3484 ¹
542 3386 643 3508 Ἀγε
669 3384 716 3486 δή
745 3387 858 3493 χέλυ
885 3386 957 3469 did
985 3414 1064 3490 μοι

544 3526 753 3626 pervolanda
778 3525 935 3642 γένοιο.

236 3669 391 3740 Alterius
415 3688 549 3759 quoque
572 3666 731 3739 vocabuli
745 3686 845 3738 usum
866 3666 1086 3757 aSapphone
1099 3661 1192 3736 haud
1205 3662 1356 3735 alienum
1381 3660 1488 3733 luisse

236 3799 279 3873 fr.
312 3801 381 3872 154
407 3822 448 3871 ex
472 3777 652 3872 Athenaeo
682 3799 745 3892 (IV
774 3803 841 3870 182
857 3800 899 3887 F)
927 3805 1102 3890 sumptum
1121 3797 1230 3887 docet,
1257 3793 1487 3886 ubilegimus:

245 3932 326 4008 Τόν
370 3934 451 4036 γάρ
487 3931 692 4042 βάρωμον
732 3930 799 4006 καὶ
835 3928 1139 4040 βάρβιτον,
1178 3909 1233 4004 ὧν
1273 3927 1489 4025 Σαπφώ

240 4068 306 4142 καὶ
333 4066 558 4177 Ἀνακρέων
596 4062 1136 4166 μνημονεῦονσι..·
1175 4060 1337 4166 ἀρχαῖα
1375 4055 1489 4136 εἰναι.

239 4201 362 4295 ltaque
387 4203 472 4275 hoec
499 4225 632 4296 quoque
658 4203 725 4277 duo
751 4200 918 4276 vocabula
944 4224 985 4272 ex
1011 4202 1068 4274 illo
1094 4201 1198 4293 sonte,
1226 4205 1267 4271 ut
1290 4196 1491 4316 multaalia',

347 4514 370 4584 ⁶)
387 4515 426 4573 Of.
446 4515 529 4573 Bekk.
540 4514 667 4572 dnecdot·
687 4531 714 4585 Ι).
727 4515 804 4573 1431:
825 4517 917 4600 χέλυς
931 4515 1049 4598 χέλυος·
1063 4511 1205 4598 σημαίνει
1217 4512 1258 4578 δέ
1272 4511 1331 4595 τήν
1343 4513 1490 4597 κιθάραν.

239 4608 277 4662 lla
297 4607 415 4671 utraque
438 4620 501 4660 voce
522 4620 546 4662 v.
569 4619 638 4672 quac
657 4604 776 4660 diximus
794 4619 877 4674 supra
896 4619 923 4674 p.
944 4607 975 4662 31
997 4619 1035 4671 sq.

333 4693 370 4761 “l
388 4695 427 4752 df.
446 4697 466 4751 l.
485 4697 504 4752 l.
523 4711 549 4765 p.
570 4696 620 4752 388
640 4708 703 4750 ann.
724 4698 749 4752 2:
778 4694 1142 4763 «chelyn-inquit-poata
1170 4695 1306 4750 humanus
1331 4692 1426 4748 nullus
1444 4690 1492 4747 ad·

240 4784 358 4855 plicavit
376 4786 440 4840 ante
452 4784 579 4841 Senecam
590 4828 614 4840 ..
634 4783 733 4840 Silium
745 4824 769 4840 ..
790 4783 990 4852 Panegyricum
1006 4783 1349 4854 inPisonem3f1couentcr
1360 4779 1491 4838 Statium.

240 4873 692 4930 1111111111«811111111111111
720 4874 754 4928 ab
775 4872 869 4930 Ovidio
898 4872 1039 4950 poetisque
1068 4871 1112 4938 his
1131 4871 1256 4935 omnihus
1284 4870 1394 4945 practer
1421 4870 1491 4932 melo

239 4962 339 5030 Horati
356 4963 488 5030 (recurrit
507 4961 580 5038 apud
599 4961 799 5040 claudianosp.
