3736 6012
709 517 905 594 ...35-

278 749 343 823 His
369 773 477 825 unum
503 758 640 825 tantum
666 752 801 824 addam.
829 752 967 843 Sappho
993 751 1037 824 ad
1051 752 1239 824 sententias
1253 750 1431 823 illustran-

180 881 242 956 das
268 889 372 976 atquo
397 886 594 958 accuratius
623 885 864 976 exprimendas
903 886 1104 976 saepissime
1142 882 1450 957 similitudinibus-

180 1016 460 1110 imaginibusque
486 1040 506 1091 a
532 1025 659 1093 natura
685 1017 798 1092 ductis
823 1019 998 1110 utebatur,
1024 1021 1074 1091 ita
1098 1019 1186 1108 frag.
1208 1022 1252 1090 42
1282 1019 1438 1108 impetus

180 1153 320 1245 amoris,
346 1155 406 1245 qui
433 1155 470 1227 in
495 1155 663 1244 poetriam
698 1154 812 1245 irruit,
852 1174 929 1225 cum
970 1154 1101 1243 impetu
1139 1153 1233 1225 venti
1266 1158 1432 1224 montana

180 1294 342 1379 querceta
369 1289 596 1362 concutientis
623 1295 853 1380 comparatur:

397 1413 691 1530 (Epogdaoir'
719 1417 893 1512 ἐτίναξεν
921 1419 1020 1519 ἔμοι
1049 1417 1228 1528 φρένας),

395 1547 606 1648 ἄνεμος
633 1556 724 1631 κατ’
750 1551 847 1664 ὄρος
873 1547 1024 1664 opero
1052 1549 1332 1652 ἕμπέσων.

180 1687 236 1757 Ad
264 1711 366 1780 quam
396 1691 610 1764 collationem
637 1713 744 1782 prope
770 1691 902 1764 accedit
926 1713 978 1782 ea,
1017 1711 1105 1781 quae
1136 1687 1229 1779 apud
1268 1686 1432 1761 Ovidium

181 1846 236 1896 vv.
264 1827 384 1896 9-10
410 1823 597 1897 decadem
634 1847 672 1897 re
697 1831 866 1916 usurpata
892 1831 955 1915 est,
994 1823 1140 1914 Ovidius
1171 1829 1310 1897 tantum
1336 1845 1433 1897 mon-

181 1961 252 2028 tem
276 1979 361 2047 agro
393 1966 427 2031 et
452 1980 598 2051 quercus
636 1959 830 2050 Sapphicae
870 1958 1136 2049 comparationis
1174 1958 1255 2047 igne
1291 1958 1433 2047 frugum

183 2093 419 2165 commutavit

328 2223 431 2318 Uror,
457 2233 497 2298 ut
521 2225 699 2299 indomitis
724 2226 1241 2318 ignemexercentibus
1267 2227 1410 2299 euris

378 2357 518 2432 Fertilis
543 2349 696 2432 accensis
723 2359 892 2432 messibus
919 2357 1018 2432 ardet
1042 2380 1136 2450 ager.

281 2489 362 2564 Jam
388 2497 508 2584 restat,
535 2501 574 2566 ut
586 2492 631 2566 ad
656 2494 817 2566 ultimum
842 2494 903 2586 qui
917 2500 1073 2584 superest
1091 2491 1342 2584 Sapphicorum
1355 2513 1433 2566 ver-

183 2599 307 2698 borum
332 2627 461 2700 fontem
487 2649 717 2701 recurramus
744 2627 893 2720 Antiqui
930 2610 1115 2719 scriptores
1149 2625 1433 2700 celebratissima

117 2837 119 2840 ,
178 2779 258 2831 rum
283 2766 463 2850 poetarum
488 2744 609 2834 versus
635 2783 884 2854 nonnunquam
910 2760 1054 2834 laudare
1079 2760 1190 2833 solent
1228 2782 1297 2834 non
1322 2763 1433 2835 nomi-

186 2894 278 2965 natis
304 2895 515 2986 auctoribus,
540 2896 665 2990 quibus
691 2897 898 2970 nominatim
923 2894 1106 2969 afferendis
1132 2894 1354 2987 supersedere
1372 2918 1433 2988 po-

184 3034 310 3122 terant,
351 3051 573 3103 cumeorum
613 3031 758 3122 quisque
784 3031 844 3123 qui
868 3028 1029 3121 legebant
1053 3035 1233 3120 poetarum
1265 3031 1433 3121 optimum

174 3185 354 3257 ,quemque
378 3164 516 3254 penitus
543 3165 718 3255 cognitum
744 3161 896 3237 baberet.
923 3161 973 3236 At
998 3184 1060 3236 nos
1086 3163 1215 3236 iniuria
1240 3169 1433 3254 temporum

184 3296 331 3389 perditis
358 3298 571 3371 carminibus
610 3298 735 3371 incerti
773 3273 957 3369 haeremus
982 3303 1017 3370 et
1042 3295 1262 3390 ambigimus,
1295 3299 1433 3371 cuinam

185 3433 250 3505 hoc
275 3433 328 3505 vel
354 3431 440 3504 illud
464 3431 699 3524 fragmentum
727 3435 953 3524 assignemus.
983 3430 1081 3523 Quod
1105 3430 1150 3504 ad
1164 3433 1302 3506 melicos
1315 3399 1433 3525 poetas

185 3568 322 3660 attinet,
348 3566 464 3657 Bergk
490 3567 556 3640 sub
581 3566 685 3640 finem
710 3569 764 3640 sni
788 3568 870 3640 libri
895 3567 975 3658 plus
1001 3573 1139 3639 eentum
1165 3568 1333 3640 eiusmodi
1352 3567 1433 3641 ade-

185 3707 284 3792 spota
308 3699 504 3791 fragmenta
530 3701 678 3793 collegit,
705 3702 743 3773 in
769 3700 894 3792 quibus
915 3698 1015 3772 baud
1039 3721 1152 3792 pauca
1176 3699 1335 3775 Aeolieae
1353 3723 1434 3806 poen

185 3856 261 3908 seos
285 3834 435 3907 frustula
460 3833 777 3926 deprehenduntur.
819 3836 915 3926 Quae
941 3855 1019 3906 eum
1050 3836 1308 3929 perlustrarem,
1347 3859 1434 3912 non-

185 3969 283 4042 nulla
307 3969 352 4042 ab
377 3968 575 4043 hominibus
614 3968 724 4042 doctis
762 3967 941 4060 Sapphoni
967 3968 1167 4043 dubitanter
1206 3973 1359 4065 ascripta
1383 3974 1433 4048 ita

918 4303 930 4338 Ο

185 4371 314 4429 alludens
333 4372 433 4428 dixisse
462 4372 581 4429 videtur:
608 4375 648 4436 τό
670 4365 820 4458 μελιχρόν
835 4371 1125 4464 αὔχημαΛεσβίων
1141 4381 1274 4464 Σαπφώ.
1303 4383 1433 4441 Attamen

186 4462 296 4534 Sappho
322 4476 377 4534 non
396 4464 438 4517 est
455 4462 554 4534 prima,
583 4461 656 4532 apud
674 4475 755 4528 quam
782 4475 880 4519 nomen
905 4465 1076 4520 abstractum
1099 4481 1149 4536 pro
1169 4471 1295 4525 concreto
1313 4472 1433 4540 positum

185 4553 354 4624 inveniatur,
374 4567 435 4607 cum
453 4552 534 4607 huius
553 4566 657 4619 quoque
675 4567 741 4607 usus
768 4553 887 4622 vestigia
907 4555 964 4610 iam
992 4555 1065 4624 apud
1091 4557 1238 4614 Homerum
1262 4562 1378 4634 exstent3
1397 4565 1433 4623 el.

184 4644 219 4700 ll.
238 4644 319 4714 xxfl,
335 4644 387 4702 432
406 4657 455 4714 sq,
473 4643 522 4698 nbi
539 4644 650 4698 Hecuba
668 4642 703 4697 ad
721 4643 845 4698 Hectoris
864 4644 982 4701 cadaver
1001 4659 1132 4703 conversa
1150 4647 1192 4703 ite
1209 4649 1389 4710 lamentatur:

827 4729 918 4819 ὅμοι

399 4840 581 4927 εὐχωλῇ
606 4841 689 4909 κατὰ
712 4841 793 4910 ἄστυ
816 4846 974 4918 πελέσκεο,
999 4844 1080 4913 πᾶσί
1103 4845 1132 4908 τ’
1156 4843 1326 4936 ὄνειαρ.

1227 4965 1275 5042 3*.
