3784 6014
730 535 927 607 ..gp-

201 761 238 832 in
276 760 514 854 Sapphus
553 765 879 838 carminibus
927 761 1119 836 ediscendis
1166 766 1372 854 occupatum
1412 764 1449 838 in

200 880 394 967 ceterorum
411 917 571 972 ,numero
608 918 717 969 unum
756 898 925 988 epistulae
964 894 1213 990 quodammodo
1239 895 1362 988 simile,
1390 896 1449 969 uhi

201 1028 334 1117 poetria
359 1018 533 1101 maestitia
557 1029 687 1103 afflicta
713 1032 890 1104 absentem
929 1032 1106 1103 Phaonem
1131 1031 1375 1123 alloqueretur,
1402 1032 1451 1109 ito

200 1157 391 1252 adamasse,
418 1169 459 1234 ut
483 1160 519 1234 id
544 1161 588 1234 ad
614 1163 822 1236 imitandum
848 1165 916 1237 sihi
942 1166 1170 1256 proposuerit,
1197 1186 1299 1257 quem
1324 1171 1451 1256 tamen,

201 1308 267 1378 quo
294 1289 435 1378 propius
461 1294 565 1381 atque
591 1290 707 1362 verius
733 1289 894 1382 Sapphus
927 1291 1107 1380 ingenium
1133 1288 1356 1380 describeret,
1383 1313 1453 1367 non

201 1420 312 1494 solum
336 1417 423 1492 illud
450 1441 600 1511 carmen,
641 1419 831 1494 sedetiam
858 1422 927 1496 alia
948 1428 1208 1512 perscrutatum
1235 1420 1316 1496 inde
1341 1423 1451 1514 pluri·

202 1573 275 1624 mas
300 1573 355 1624 res
382 1553 571 1626 sententias
609 1553 796 1626 locutiones
838 1553 1019 1645 decerptos
1045 1554 1153 1627 latine
1179 1555 1324 1626 vertisse
1349 1560 1453 1647 atque
1516 1633 1520 1647 ,

200 1687 238 1758 in
263 1705 366 1758 suum
406 1706 545 1758 carmen
584 1686 814 1778 transtulisse,
858 1687 927 1760 alia
966 1693 1099 1761 mutato
1137 1687 1291 1778 poetriae
1335 1675 1452 1760 re'rum

200 1822 296 1892 statu
322 1822 398 1911 ipsa
422 1842 559 1913 quoque
597 1826 806 1894 commutata
831 1843 850 1893 e
875 1822 1048 1896 contrario
1075 1819 1310 1912 descripsisse,
1325 1822 1388 1894 ita
1413 1829 1454 1894 ut

199 1952 395 2042 legentibus
434 1959 475 2026 ut
499 1954 549 2025 ita
588 1951 701 2026 dicam
728 1925 950 2045 Sapphonem
976 1957 1086 2044 ipsam
1125 1953 1234 2026 latine
1258 1953 1453 2046 loquentem

200 2084 388 2160 induraris.
416 2086 524 2160 Porro
562 2094 677 2160 autem
715 2094 853 2178 praeter
892 2086 1054 2179 Sapphus
1095 2088 1252 2160 camnine
1286 2084 1452 2160 Ovidium

200 2219 339 2292 brevem
353 2217 528 2312 quandam
554 2221 725 2311 poetri
741 2241 795 2292 ae
820 2221 991 2311 vitam,
1018 2219 1062 2293 ab
1082 2218 1323 2294 Alexandrino
1335 2239 1453 2310 gram

195 2355 327 2434 ¹uiatico
366 2355 652 2446 conglutinatam,
678 2357 877 2448 quaeipsis
905 2357 1103 2428 carminum
1133 2355 1233 2428 libris
1262 2354 1453 2445 praemissa

197 2497 287 2581 erat,
314 2492 351 2562 in
377 2489 628 2582 complngeuda
665 2491 814 2581 epistula
852 2488 980 2563 adiisse
1020 2469 1239 2578 coniecimus
1277 2495 1453 2579 postremo

200 2630 324 2704 autem
342 2625 415 2698 loco
447 2625 678 2716 epigram
693 2621 874 2696 matum
915 2622 979 2697 Gr
992 2644 1144 2696 aecor
1158 2645 1179 2694 u
1194 2644 1234 2693 m·
1258 2679 1260 2688 ,
1279 2621 1452 2714 imprimis

201 2759 449 2832 amatoriorum
488 2757 665 2850 complura
703 2759 851 2848 vestigia
875 2759 914 2832 in
939 2757 1088 2850 epistula
1114 2754 1325 2847 deprehendi
1350 2777 1451 2847 posse

200 2895 342 2984 planum
375 2895 536 2965 ¹lecimus.
564 2895 660 2984 Quae
699 2900 823 2967 cuncta
848 2915 869 2965 a
894 2893 1051 2966 Romano
1083 2900 1185 2984 poeta
1201 2892 1452 2965 „inrhetorum

201 3028 327 3101 scholis
345 3034 490 3101 ‘versato
515 3029 553 3100 in
578 3028 718 3100 brevius
757 3034 934 3100 contracta
959 3033 1020 3098 aut
1043 3031 1149 3116 aucta
1174 3025 1454 3118 amplificataque

200 3167 293 3235 sunt.
321 3161 411 3234 Cum
436 3183 517 3234 vero
543 3162 749 3234 recentiores
776 3160 931 3233 homines
957 3157 1049 3233 docti
1076 3158 1153 3230 aliis
1172 3159 1326 3232 fontibus
1353 3160 1451 3232 auxi·
1550 3171 1555 3184 ·

199 3295 324 3387 liisque
361 3297 399 3368 in
419 3295 484 3371 ,illa
510 3295 658 3387 epistula
684 3291 867 3368 scribenda
894 3291 1057 3367 Ovidium
1078 3314 1181 3366 usum
1207 3314 1282 3368 esse
1309 3300 1452 3367 conten-

199 3428 295 3522 dant,
335 3453 379 3504 ne
403 3431 528 3503 incerti
554 3430 787 3521 haereremus,
833 3451 951 3502 eorum
977 3429 1170 3504 sententiae
1196 3430 1295 3502 nohis
1322 3432 1454 3502 exami-

199 3561 337 3636 nandae
362 3571 471 3637 erant.
507 3566 581 3654 Quo
608 3565 719 3656 officio
744 3566 795 3637 ita
807 3565 918 3637 iuncti
945 3585 1075 3654 sumuS,
1102 3567 1142 3636 ut
1166 3565 1320 3654 primum
1345 3564 1452 3637 Birtii

199 3696 436 3788 compluribus
449 3697 534 3770 locis
549 3698 675 3790 allatis,
690 3700 750 3791 qui
765 3697 929 3773 Ovidium
958 3697 1142 3771 Gallim
1159 3721 1179 3769 a
1196 3698 1276 3769 chi
1303 3698 1419 3771 Acti
1433 3719 1454 3770 a
1562 3739 1565 3746 =

201 3832 404 3922 compilasse
442 3833 649 3925 coniecerat,
675 3840 711 3905 et
738 3855 815 3905 cum
855 3833 1003 3905 Romani
1029 3840 1150 3923 poetae
1175 3832 1302 3917 verbis,
1318 3853 1453 3923 compo-

198 3966 276 4038 sitis
303 3964 477 4039 Ovidiana
513 3970 657 4059 propius
695 3967 739 4040 ad
778 3966 952 4058 Sapphica
990 3988 1093 4060 quam
1134 3965 1179 4039 ad
1218 3947 1454 4039 Callimachea

197 4095 361 4172 accedere
386 4097 648 4172 ostenderimus,
676 4099 854 4172 Postremo
879 4106 995 4178 autem
1021 4097 1302 4188 divulgatissima
1327 4119 1448 4170 eorum

198 4232 315 4322 opinio
341 4233 441 4305 nohis
457 4232 682 4324 ponderanda
708 4236 788 4331 tuit,
814 4201 872 4327 qui
902 4232 1066 4306 Ovidium
1095 4233 1281 4305 nonnullas
1307 4230 1455 4305 Grae-

198 4387 371 4437 corum
398 4365 701 4458 comoedias,
725 4389 812 4460 quae
837 4365 881 4439 ad
907 4366 1069 4459 Sapphus
1095 4366 1276 4438 historiam
1302 4365 1453 4457 pertine

197 4499 295 4592 hant,
322 4499 589 4592 diligentissime
613 4503 786 4575 lectitasse
827 4501 975 4594 indeque
1012 4502 1180 4592 plurimas
1206 4523 1260 4573 res
1304 4498 1453 4591 adpoe

196 4631 286 4703 triae
311 4633 491 4722 ingenium
506 4632 773 4707 describendum
798 4634 962 4706 facientes
979 4633 1231 4726 deprompsisse
1249 4653 1453 4724 persuasum

197 4764 337 4841 habent.
366 4766 531 4841 Attamen
557 4789 601 4839 ne
627 4769 682 4839 his
708 4765 846 4859 quidem
887 4768 1047 4839 commoti
1072 4789 1204 4859 sumuS,
1232 4772 1272 4838 ut
1297 4772 1452 4866 nostram

197 4897 394 4988 opinionem
432 4900 589 4972 missam·
610 4901 788 4974 faciamus:
827 4901 866 4972 in
905 4901 1066 4974 omnihus
1106 4902 1199 4973 enim
1239 4898 1452 4973 Graecorum
