3736 6012
266 937 378 1028 Epist.
405 960 460 1010 vv.
503 939 612 1028 iiim,
656 941 798 1011 13-14
837 939 967 1031 Sapph.
993 939 1083 1029 frag.
1112 942 1158 1012 90
1197 936 1418 1029 respondent,

167 1078 313 1163 utroque
338 1071 432 1143 enim
457 1071 530 1143 looo
556 1071 751 1145 ostenditur
774 1074 926 1164 puellam
952 1094 1068 1146 amore
1081 1070 1255 1164 impediri,
1282 1071 1416 1165 quomi-

168 1225 234 1276 nus
260 1205 360 1278 solito
386 1226 489 1297 opere
514 1205 692 1304 fungatur:
788 1278 790 1282 ,

267 1337 445 1412 Uror..

265 1474 365 1547 Neo
390 1475 527 1568 mihi,
554 1474 733 1567 dispositis
763 1496 852 1569 quae
865 1476 1008 1566 iungam
1035 1457 1266 1570 carmina
1291 1476 1419 1567 nervis,

315 1609 644 1683 Proveniunt

216 1730 1061 1846 Fadastuua'rrpmui'rordolosanus
1088 1732 1420 1847 κρέκηντόν

891 1942 900 1962 ⁴
1234 1859 1421 1952 Korou

217 2014 251 2064 π
267 1991 290 2067 ό
305 1996 380 2097 dur
407 1984 434 2066 d
444 1989 469 2066 α’
478 2014 540 2092 με
554 2015 571 2065 ι
587 2003 649 2067 σα
671 1986 826 2082 παῖδος
836 1985 1034 2101 apodiatus
1049 1985 1089 2066 di
1104 1984 1418 2102 'Apopddorau*)·.

168 2128 272 2220 Apud
298 2128 463 2202 Ovidium
503 2131 596 2203 enim
634 2129 796 2222 Sapphus
834 2131 974 2204 solitum
1013 2153 1098 2222 opus
1136 2138 1219 2204 sunt
1262 2130 1419 2204 earmina

168 2263 363 2355 pangenda,
389 2264 483 2336 illius
508 2270 625 2338 autem
650 2264 794 2356 puellae,
821 2287 926 2357 quam
952 2267 1084 2357 poetria
1110 2268 1146 2338 in
1173 2287 1298 2356 graeco
1323 2264 1418 2354 frag·
1452 2331 1455 2338 ,

169 2404 285 2470 mento
310 2419 461 2470 amorem
489 2400 592 2471 matri
619 2397 837 2471 confitentem
862 2400 958 2491 lauit,
999 2398 1067 2471 tela
1093 2398 1252 2471 texenda:
1285 2402 1422 2471 utrum·

169 2552 235 2624 que
261 2532 384 2622 puellis
411 2554 528 2604 amore
552 2531 721 2623 perculsis
747 2533 863 2606 minus
889 2555 1053 2624 prospere
1077 2511 1263 2624 procedere
1283 2537 1423 2605 conmu-

169 2661 276 2735 ditur.

775 2860 820 2932 II.

268 3039 436 3130 Eiusdem
462 3056 631 3148 epistulae
667 3081 699 3131 v.
733 3061 777 3130 18
816 3056 907 3130 idem
933 3079 1133 3151 expressum
1159 3064 1223 3150 est,
1263 3056 1354 3151 quod
1387 3058 1425 3131 in

169 3187 300 3282 Sapph.
327 3191 414 3283 frag.
456 3194 501 3264 33
528 3192 571 3264 de
595 3193 785 3283 praeterito
822 3193 975 3283 poetriae
1011 3193 1049 3266 in
1075 3189 1259 3266 Atthidem
1305 3211 1422 3264 amore

168 3323 329 3414 legimus:
865 3317 868 3322 ¹
1256 3399 1259 3404 .

318 3453 1423 3554 NonooulisgrataestAtthis,u'tante‚meis.

319 3589 576 3696 Ἠράμαν
614 3590 853 3689 μὲνέγω
890 3590 1069 3688 σέθεν,
1103 3589 1294 3689 ”Arda
1332 3589 1424 3669 uoi-

1123 3713 1421 3793 luendum

171 4005 247 4100 dpud
266 4028 395 4086 (tridium
414 4029 522 4088 lislam.
543 4029 604 4097 tn,
626 4032 677 4089 194
695 4045 734 4099 so.
754 4031 824 4088 liaeo
842 4032 965 4102 vestigia
981 4033 1104 4090 exstant:

384 4120 478 4189 ruore
497 4120 602 4190 triceps
621 4119 775 4189 lleoate,
794 4136 865 4190 quae
884 4123 990 4191 ooeptis
1009 4122 1121 4179 oousoia
1140 4123 1246 4179 nostris

388 4209 666 4278 adiutrixque
685 4211 773 4267 venis.

172 4301 259 4358 Porro
278 4301 347 4362 ibid.
368 4317 396 4359 v.
416 4303 450 4361 20
470 4316 518 4370 sqr

636 4392 754 4449 Video
773 4392 947 4449 meliora
966 4394 1184 4464 proboque

386 4481 605 4538 lietoriora
624 4495 777 4552 sequor,

172 4571 209 4628 ol.
229 4586 293 4627 oum
311 4570 433 4627 eiusdem
452 4571 559 4629 llodeae
581 4587 609 4628 r.
631 4572 699 4629 1077
719 4585 768 4639 sa:

474 4659 525 4724 uui
549 4661 698 4743 μανθάνω
719 4660 777 4746 μέν
802 4655 872 4726 οἶα
890 4666 1006 4746 δρᾶν
1030 4664 1172 4747 μέλλω
1189 4660 1317 4727 κακά·

470 4769 575 4855 θυμὸς
599 4769 638 4834 ds'
663 4770 807 4854 κρείσσων
831 4775 911 4834 τῶν
934 4765 1041 4855 ἐμῶν
1064 4770 1413 4858 βουλευμάτων.

279 4873 302 4942 *l
320 4875 393 4942 Quae
411 4876 552 4946 imprimis
570 4876 626 4934 silui
644 4877 810 4947 respondero
829 4877 991 4947 statuimus,
1010 4892 1043 4934 ea
1061 4877 1186 4934 diductis
1197 4872 1427 4935 littorisdosori·

172 4965 264 5022 bondo
282 4964 453 5023 curavimus.

1255 5079 1276 5152 2
