3784 6014
735 525 932 598 ...53-

211 749 374 821 trandum
399 751 627 844 pertinerent
656 753 782 828 Ovidio
810 764 986 846 praestare
1015 760 1182 849 potuisse;
1208 768 1245 832 at
1269 761 1457 852 quaeritur,

208 905 290 954 uum
317 905 366 978 ea,
395 907 482 979 quae
508 909 529 958 a
555 889 694 961 comicis
734 891 893 964 cachinni
931 892 1167 968 commovendi
1195 915 1298 966 causa
1323 895 1458 985 prolata

208 1027 333 1113 essent,
372 1026 493 1113 poetae
523 1024 758 1127 popularibus
780 1028 870 1100 suis
896 1048 967 1100 non
994 1026 1227 1121 depravatam,
1255 1028 1315 1100 sed
1341 1050 1458 1101 veram
1495 1117 1496 1124 ἵ
1549 1013 1552 1018 ’

208 1156 363 1247 poetriae
401 1158 589 1248 imaginem
626 1162 903 1254 genuinumque'
924 1163 999 1234 eius
1034 1155 1138 1253 ἦθος
1165 1161 1354 1255 depicturo,
1381 1165 1460 1236 usui

208 1291 354 1363 fuerint?
379 1290 930 1391 gMinimessJQuodffnon{minus
956 1283 1154 1369 absurdum
1174 1304 1274 1384 esset,
1301 1319 1403 1390 quam
1431 1298 1461 1368 si

209 1426 286 1516 quis
312 1424 466 1499 Socratis
492 1425 672 1516 ingenium
698 1429 872 1519 vitamque
889 1427 1126 1520 descripturus
1153 1431 1196 1504 ad
1212 1431 1460 1522 Aristophanis

210 1559 329 1631 Nubes
357 1568 617 1638 converteretur·
655 1562 802 1654 indeque
842 1564 1010 1636 hauriret.
1039 1564 1139 1657 Quod
1166 1567 1373 1638 recentiores
1400 1567 1461 1637 ho-

211 1692 442 1786 minesssdocti
468 1716 539 1768 non
566 1702 606 1768 ut
631 1717 696 1787 par
724 1685 804 1769 crat
823 1696 997 1776 recordati
1022 1699 1240 1771 comicorum
1259 1699 1462 1771 commentis

210 1834 328 1900 tantas
354 1833 471 1919 partes
497 1829 591 1900 inter
617 1827 809 1901 Ovidianae
854 1831 1023 1920 epistulae
1047 1832 1162 1904 fontes
1188 1835 1368 1922 assignare
1392 1855 1463 1904 non

211 1962 348 2052 gravati
387 1967 479 2035 sunt.
508 1960 597 2035 Cum
636 1985 716 2035 vero
756 1964 911 2035 omnium
950 1984 1038 2055 quae
1076 1965 1144 2036 huc
1169 1965 1290 2037 referri
1315 1970 1464 2056 possunt

212 2091 466 2169 comoediarum
491 2095 630 2196 antsoli
656 2096 799 2187 tituli*)‚
827 2098 962 2169 autubi
976 2097 1178 2189 plurimum,
1201 2098 1309 2189 panni
1323 2096 1463 2190 quidam

212 2231 255 2304 ad
281 2253 344 2304 nos
370 2231 603 2322 pervenerint,
631 2230 811 2320 exquibus
836 2233 1016 2303 rarissimo
1034 2231 1165 2323 aliquid
1180 2204 1266 2304 certi
1291 2214 1335 2304 de
1354 2234 1462 2305 totius

213 2365 380 2438 dramatis
420 2369 625 2455 argumento
665 2365 838 2437 enucleari
875 2373 1005 2461 potest,
1033 2367 1239 2438 recentiores
1267 2365 1465 2439 conicienda

212 2508 315 2592 atque
340 2497 505 2588 fingendo
533 2519 573 2570 ex
598 2497 668 2570 illis
692 2498 851 2570 frustulis
878 2505 972 2570 totas
1003 2498 1139 2571 tabulas
1165 2501 1466 2575 comminiscentes

213 2634 363 2706 credulis
388 2654 453 2724 pro
491 2633 582 2706 veris
620 2632 813 2713 venditant.
838 2631 881 2704 In
919 2653 1065 2724 quorum
1099 2629 1242 2706 numero
1268 2656 1377 2706 unum
1402 2641 1465 2723 est,
1541 2669 1544 2672 ·

213 2769 304 2860 quod
330 2767 523 2841 notandum
561 2789 636 2839 esse
674 2788 805 2839 censeo:
835 2765 954 2838 Lesbii
989 2767 1155 2859 criminis,
1183 2767 1274 2859 quod
1302 2765 1466 2840 Ovidium

215 2901 398 2976 comoediis
436 2923 536 2974 usum
577 2924 633 2973 vv.
663 2905 719 2991 19,
761 2905 829 2972 201
871 2903 1026 2994 poetriae
1053 2902 1218 3004 obiecisse
1245 2875 1401 2991 credunt,
1430 2901 1467 2971 in

215 3039 376 3113 omnibns
404 3038 613 3110 comicorum
641 3036 852 3109 Graecorum
883 3037 1099 3128 fragmentis,
1126 3039 1185 3130 qui
1204 3036 1364 3130 Sapphus
1389 3057 1467 3127 por-

148 3166 152 3189 ''
215 3197 337 3246 sonam
362 3171 587 3263 induxerunt,
630 3195 674 3246 ne
712 3195 783 3244 uno
810 3171 949 3265 quidem
984 3172 1092 3245 verbo
1119 3173 1249 3244 mentio
1288 3172 1379 3243 facta
1405 3176 1467 3242 est.

216 3307 349 3398 Quibus
375 3305 573 3398 praemissis
599 3306 668 3376 iam
695 3304 738 3376 ad
765 3307 903 3395 singula
929 3307 1193 3378 convertamur*
1200 3307 1246 3397 *l

314 3439 368 3512 Ex
395 3461 454 3512 sex
481 3437 676 3530 comoediis
716 3461 803 3531 quae
840 3437 1077 3530 Sapphus
1103 3427 1244 3511 nomine
1281 3439 1471 3529 inscriptae

215 3586 326 3664 erant,
353 3574 544 3665 Amipsiae,
570 3571 766 3662 rtmphidis⁷
794 3572 949 3663 Ephippi
985 3570 1180 3644 dramatum
1206 3572 1374 3662 reliquiae
1399 3577 1469 3642 tam

216 3709 355 3781 ieiunae
380 3712 472 3798 sunt,
500 3712 540 3778 ut
563 3704 645 3778 inde
670 3705 711 3778 de
738 3705 993 3778 comoediarum
1033 3707 1249 3816 argumentis
1276 3705 1363 3775 nihil
1391 3726 1470 3777 con-

218 3841 311 3912 cludi
322 3823 851 3934 ¹possitlil)lleAntiphaneae
865 3841 1026 3931 Sapphus
1039 3837 1346 3934 fragmento‚quod
1359 3839 1471 3930 primo

217 3983 361 4067 aspectu
388 3974 551 4048 Ovidium
589 3976 763 4047 imitatum
802 3997 874 4046 esse
915 3977 1085 4066 suspicari
1124 3980 1234 4065 potes,
1267 3975 1337 4045 iam
1364 3995 1472 4064 supra
1508 3949 1509 3954 Ἰ

218 4110 567 4201 disseruimus****).
594 4110 740 4182 Restant
765 4109 901 4201 Diphili
927 4116 962 4181 et
976 4109 1138 4180 Timoclis
1164 4107 1310 4196 fabulae,
1337 4128 1426 4199 quae
1452 4129 1472 4177 a

224 4319 650 4331 ..-.-·.--.--—-..---—---—-

328 4442 351 4509 ⁴)
369 4441 455 4499 rituli
474 4455 569 4495 eornm
588 4439 743 4494 dramatum
762 4439 827 4493 sunt
845 4438 911 4494 tras:
931 4436 1047 4507 Sappho,
1067 4436 1166 4506 Phaon,
1186 4436 1330 4492 Leucadia.

316 4532 352 4599 **)
370 4531 455 4587 Valde
475 4531 559 4600 doleo,
579 4528 649 4594 quod
660 4527 728 4582 mihi
745 4527 889 4582 Ribbeokii
910 4524 1135 4581 commentatione
1149 4525 1356 4582 =DieParodien
1367 4525 1474 4580 beiden

217 4625 361 4682 attisohen
388 4623 544 4680 Komilrern.
564 4625 589 4679 2.
609 4620 718 4689 theiis
733 4615 763 4668 in
782 4618 928 4674 annalibus
945 4617 1105 4672 zeitschrift
1124 4617 1171 4672 fiir
1191 4614 1239 4671 das
1253 4615 1475 4684 ,Gymnasialue

217 4732 270 4772 sen
288 4717 360 4772 XVII
378 4715 468 4783 (1863)
485 4728 531 4784 pp.
552 4713 692 4770 aar-348
712 4711 870 4780 impressae,
890 4709 932 4762 uti
951 4723 1005 4762 non
1023 4707 1112 4762 liouit.

302 4804 353 4872 **·)
370 4804 435 4860 Vide
453 4802 699 4869 Meinelrii'lragg.
721 4801 791 4866 Gom,
812 4800 856 4856 tir.
877 4801 912 4870 ll,
931 4814 957 4880 p.
977 4797 1039 4868 7073
1057 4799 1107 4868 ΙΙΙ,
1126 4811 1172 4880 pp.
1193 4798 1252 4866 315,
1273 4799 1332 4867 338,

289 4899 354 4966 rra
373 4897 411 4958 or.
430 4912 456 4977 p.
478 4897 510 4954 aa
531 4909 568 4962 sn,
