3784 6014
622 493 896 584 ’-93’-

269 744 377 816 Porro
403 764 448 814 ne
473 741 509 812 id
536 741 673 833 quidem
700 764 762 816 nos
788 745 880 833 fugit
904 766 974 817 non
1000 746 1127 834 omnia,
1154 765 1242 836 quae
1278 745 1421 816 investi-

96 965 100 972 ,
172 879 341 970 gavimus,
357 876 401 950 ad
415 878 582 952 amussim
597 898 671 949 esse
686 877 872 968 elaborata
887 878 978 971 quod
992 881 1029 952 in
1043 887 1114 953 tam
1127 879 1261 950 lubrica
1276 879 1422 950 materia

171 1017 230 1086 vix
256 1014 356 1087 aliter
381 1013 458 1086 fieri
480 1021 603 1105 potest.
632 1014 798 1088 Attamen
837 1016 1066 1090 nihilominus
1102 1037 1166 1087 nos
1204 1017 1346 1106 propius
1378 1014 1422 1088 ad

171 1172 291 1223 verum
318 1151 503 1222 accessisse
528 1172 645 1222 omnes
673 1171 894 1223 concessuros
908 1173 1097 1244 speramus,
1124 1173 1268 1243 quorum
1288 1156 1421 1222 mentes

172 1285 418 1377 praeiudicatis
445 1285 664 1375 opinionibus
691 1306 760 1356 non
786 1285 939 1358 imbutae
976 1291 1067 1358 sunt.
1094 1286 1269 1377 Imprimis
1307 1292 1421 1358 autern

173 1425 327 1532 nostram
353 1419 673 1491 commentationem
700 1440 739 1490 eo
765 1441 868 1510 quam
894 1421 1042 1492 maxime
1062 1420 1310 1513 ¹commendari
1349 1419 1421 1510 opi-

173 1574 308 1644 namur,
334 1551 424 1644 quod
450 1553 479 1623 si
506 1553 687 1650 nobiscum
712 1554 830 1644 facies,
869 1554 995 1626 multas
1023 1552 1255 1645 difficultates,
1294 1552 1422 1644 quibus

173 1689 407 1760 recentiorum
434 1687 475 1758 de
501 1687 664 1778 Sapphus
691 1689 763 1760 vita
789 1691 1009 1761 narrationes
1041 1690 1199 1761 laborare
1225 1687 1346 1779 solent,
1373 1688 1424 1759 fa-

174 1823 237 1894 cile
261 1829 297 1894 te
322 1823 451 1894 evitare
476 1843 578 1913 posse
602 1843 805 1913 persuasum
823 1823 1003 1896 habemus.
1031 1822 1065 1894 N
1067 1845 1121 1894 am
1142 1823 1318 1895 hominum
1331 1823 1423 1895 litte-

171 1965 327 2029 ratorum
353 1957 533 2047 opiniones
577 1958 614 2028 in
640 1958 788 2047 singulis
827 1960 877 2030 ita
903 1946 1124 2049 comparatae
1149 1962 1242 2046 sunt,
1288 1963 1422 2029 utnon

173 2090 282 2163 solum
308 2091 399 2162 inter
425 2111 462 2161 se
488 2088 697 2180 discrepent,
724 2088 784 2160 sed
810 2091 914 2161 etiam
934 2111 1188 2182 ,nonnunquam
1214 2088 1305 2160 idem
1319 2089 1421 2161 homo
1464 2166 1471 2180 ,

173 2223 293 2296 doctus
318 2225 391 2295 fere
417 2222 534 2295 eodem
560 2229 713 2313 tempore
739 2222 824 2294 duas
851 2223 918 2294 sibi
933 2224 1133 2298 ,contrarias
1147 2225 1327 2314 opiniones
1341 2244 1422 2314 pro-

172 2361 263 2431 lerre
288 2380 358 2432 non
384 2365 556 2447 vereatur3
584 2364 623 2429 ut
636 2329 769 2449 Flacht
783 2359 854 2449 qui,
877 2365 916 2430 ut
929 2378 1036 2448 supra
1048 2379 1082 2448 p.
1100 2358 1185 2463 lilii)
1200 2354 1362 2448 vidimus,
1378 2354 1422 2428 ad
1480 2463 1482 2468 Ι
1597 2339 1600 2342 ’

173 2491 302 2564 Chron.
318 2493 396 2564 Par.
424 2516 455 2564 v.
474 2496 515 2564 51
533 2493 668 2564 Phaoni
695 2491 816 2562 ‘ullum
842 2490 934 2582 apud
949 2492 1161 2582 antiquiores
1180 2490 1292 2563 locum
1306 2489 1423 2561 fuisse‘

173 2647 305 2716 negans
330 2626 412 2698 libri
439 2626 480 2698 de
506 2625 716 2699 Graecorum
754 2627 849 2717 poesi
885 2625 995 2717 lyrica
1021 2624 1138 2696 eodem
1175 2645 1266 2696 anno
1295 2625 1420 2715 (1884)

175 2758 261 2833 editi
285 2782 319 2850 p.
347 2765 416 2832 491
446 2782 527 2833 anu.
558 2765 574 2830 1
605 2760 690 2832 haec
713 2767 838 2832 censet:
883 2758 947 2848 ,So
972 2761 1019 2830 ist
1044 2759 1126 2831 hein
1150 2759 1301 2850 Zweilel,
1321 2833 1323 2837 ,
1341 2758 1421 2830 dass

173 2896 236 2969 der
260 2898 373 2969 Name
397 2897 520 2968 Phaon
546 2897 584 2968 in
610 2896 677 2968 den
703 2894 898 2968 Gedichten
924 2895 1060 2984 gelesen
1086 2894 1214 2967 wurde.
1242 2894 1296 2966 Zu
1309 2894 1423 2966 sicher

173 3037 253 3122 sagt
278 3031 349 3103 also
375 3029 497 3102 Lehrs:
530 3028 591 3118 ,In
618 3027 683 3100 den
710 3027 861 3102 Liedern
887 3027 949 3099 der
975 3028 1116 3120 Sappho
1142 3028 1278 3099 scheint
1302 3027 1422 3099 Phaon

172 3184 238 3257 gar
263 3166 368 3238 nicht,
400 3165 666 3254 vorgekommen
704 3187 748 3234 zu
786 3165 896 3235 sein“.
936 3163 1102 3235 Derselbe
1140 3163 1307 3236 Vorwurf
1335 3161 1423 3235 trifft

174 3299 216 3373 Ο.
242 3299 527 3390 Muller“.'Quin
553 3300 658 3371 etiam
684 3299 745 3370 ubi
766 3296 893 3370 diserte
918 3299 1089 3388 scriptum
1113 3297 1243 3387 legitur
1261 3297 1336 3370 ΦΛ
1350 3295 1430 3368 ΩΝ

174 3433 358 3526 ΚΑΛΟΣ,
383 3454 453 3507 non
478 3433 668 3523 Phaonem,
707 3431 768 3503 sed
792 3431 998 3525 Dionysum,
1038 3437 1077 3504 ut
1108 3430 1277 3522 Stephani
1293 3431 1341 3523 l)‚
1367 3428 1422 3502 vel

173 3566 280 3659 Pana,
306 3573 347 3641 ut
370 3565 621 3659 Welcker‘**),
648 3564 802 3656 intellegi
823 3565 953 3637 iubent.
982 3562 1110 3647 Credat
1125 3562 1274 3636 Iudaeus
1289 3561 1421 3653 Apella!

172 3955 342 4013 methodisch
362 3953 398 4008 ist
417 3967 453 4023 es,
473 3952 532 4007 eine
552 3950 703 4007 Nachricht
722 3950 806 4006 schon
824 3949 939 4005 deshalb
958 3949 1006 4005 fiir
1024 3949 1115 4006 faloch
1131 3950 1280 4020 nuhalten,
1300 3949 1364 4007 weil
1382 3949 1421 4005 sie

173 4048 314 4116 Diogenes,
334 4043 476 4102 Suidas
494 4058 520 4099 n.
541 4057 566 4097 a.
586 4056 619 4096 m.
639 4039 817 4110 iiberliefern,
847 4040 911 4095 oder
930 4040 997 4095 eben
1016 4040 1116 4107 genade
1136 4039 1249 4097 deshalb
1269 4039 1316 4096 fiir
1335 4040 1421 4111 wahr,

173 4136 238 4193 weil
256 4135 295 4192 sie
315 4135 359 4191 bei
377 4135 484 4204 Platon,
511 4131 673 4188 Aristoteles
701 4145 726 4185 u.
747 4145 772 4186 a.
792 4144 833 4186 m.¹
847 4128 930 4185 steht.
959 4130 1035 4186 luch
1063 4130 1162 4187 Platon
1185 4129 1241 4184 und
1259 4130 1421 4186 Aristoteles

173 4226 384 4295 kinnonirren,
404 4222 643 4280 ebensowiedie
663 4222 968 4291 spnterengute
989 4222 1419 4288 duellenbenntztha·

173 4319 245 4374 ben
263 4316 419 4371 konnen.
440 4313 488 4369 Ich
506 4313 607 4380 glaube
627 4312 721 4383 daher,
740 4311 909 4368 dasslceiner
928 4299 1139 4379 libelliefcrnng
1155 4312 1199 4367 die
1211 4312 1421 4380 dlaubwlirdig-

172 4406 233 4462 hait
260 4403 463 4473 abgosprochen
491 4402 599 4457 werden
627 4401 699 4472 darf,
727 4416 790 4470 mag
809 4386 848 4456 sie
868 4402 1010 4472 stammen,
1039 4417 1093 4458 von
1111 4417 1178 4458 uem
1197 4403 1236 4457 sie
1255 4401 1324 4472 will,
1344 4416 1421 4456 uenn

171 4510 238 4552 man
255 4494 335 4550 nicht
352 4492 480 4548 beveison
498 4491 582 4556 kann,
602 4492 665 4547 dass
683 4491 802 4547 dissolbe
827 4491 898 4546 nach
918 4492 966 4546 der·
985 4506 1089 4560 gaunon
1107 4495 1179 4560 hage
1198 4492 1246 4548 der
1265 4492 1352 4560 hingo
1371 4506 1421 4547 un-

172 4585 293 4654 mogu'ch
311 4584 373 4639 ist».

280 4675 303 4740 *)
320 4674 385 4729 Vide
405 4674 463 4728 eius
481 4675 602 4742 Parerga
620 4672 829 4739 archaeologica
847 4671 877 4726 in
895 4671 1018 4727 Bulletin
1027 4672 1269 4743 historico-philol.
1280 4674 1313 4729 de
1322 4672 1421 4729 l'acad.

171 4771 206 4826 de
227 4767 264 4824 St.
284 4762 472 4834 Petersbourg,
492 4764 551 4833 XII,
571 4763 622 4819 268
642 4775 690 4832 sq,
710 4775 772 4816 ann.
793 4762 835 4817 39.

268 4853 304 4922 ”l
322 4852 361 4911 of.
381 4851 556 4908 ddtterlehre
575 4854 596 4922 l,
615 4866 641 4921 p.
661 4853 713 4910 453
734 4865 790 4919 sqq.
