3784 6014
721 521 917 593 -65-

194 770 337 823 numero
376 747 551 822 Alenidisw
574 748 829 842 Amphidisque
870 745 1124 821 comoediarum
1162 747 1357 838 fragmenta
1395 748 1445 819 ita

194 889 394 976 comparata
430 889 525 975 sunt,
553 890 592 956 ut
617 906 657 956 ex
685 884 728 955 iis
754 881 798 954 de
822 881 1018 955 fabularum
1060 881 1276 972 argumentis
1313 881 1444 953 nullam

194 1019 430 1093 coniecturam
467 1008 582 1091 facere
618 1018 779 1110 possis*).
812 1016 979 1108 Superest
1003 1015 1078 1088 sola
1102 1015 1288 1091 Menandri
1313 1016 1445 1090 Leuca-

194 1151 262 1244 dia,
289 1174 356 1246 quo
394 1154 505 1248 fonte
528 1152 694 1228 Ovidium
722 1119 758 1226 in
785 1151 1039 1243 compingenda
1065 1151 1214 1244 epistula
1245 1172 1346 1223 usum
1371 1172 1446 1223 esse

195 1287 394 1377 opinantur.
422 1288 517 1378 Quae
554 1289 671 1379 opinio
711 1308 815 1379 quam
852 1284 1013 1359 futilibus
1051 1286 1266 1376 argumentis
1299 1286 1445 1376 nitatur,

194 1422 314 1493 statim
339 1418 545 1494 videbimus.
575 1421 629 1493 Ex
655 1419 843 1493 Menandri
880 1420 1076 1509 fragmento
1103 1440 1124 1490 a
1149 1417 1321 1492 Strabone
1345 1419 1389 1509 X,
1416 1440 1444 1491 c.

194 1561 264 1629 452
292 1563 430 1630 servato
472 1560 518 1649 (v.
545 1555 696 1630 Meinek.
721 1556 744 1627 l.
771 1555 795 1628 l.
821 1555 889 1626 vol.
929 1553 1051 1646 1V,p.
1082 1556 1166 1647 158)
1208 1574 1344 1626 summa
1369 1575 1447 1625 cum

193 1688 502 1765 verisimilitudine
527 1688 686 1763 concludi
723 1695 838 1780 potest
863 1689 900 1760 in
928 1688 988 1760 illo
1029 1685 1185 1760 dramate
1210 1685 1447 1779 Sapphus

194 1823 370 1907 nullas
394 1830 573 1916 partes
598 1823 771 1895 fnisse
796 1829 831 1894 et
856 1827 994 1894 tantum
1026 1827 1202 1913 tamquam
1228 1821 1267 1892 in
1292 1829 1447 1911 praeter-

195 1939 1449 2045 eundoinitiocomoediaepostprologumfamae

195 2092 490 2184 depoetria
516 2062 861 2163 deheu'cadio
899 2089 1272 2179 promunturio
1308 2089 1448 2163 saltu

196 2225 422 2299 demissa
453 2225 765 2298 mentionem
806 2224 997 2296 factam
1038 2243 1159 2296 esse.
1186 2222 1243 2295 En
1282 2223 1342 2295 illa
1374 2223 1448 2297 Me-

195 2359 322 2433 nandri
348 2358 390 2432 de
415 2358 602 2452 Sapphone
625 2358 731 2430 verba
756 2357 947 2429 sexcenties
973 2354 1167 2429 decantata:

501 2471 569 2566 Or}
594 2481 644 2565 ‹b'
668 2481 920 2578 λέγεται
947 2487 1098 2599 πρώτη
1124 2482 1291 2587 Σαπφώ

510 2625 583 2701 πὸν
610 2620 903 2732 ὑπέρκομπον
928 2624 1101 2730 hapsida
1126 2621 1267 2700 Φάων’

509 2757 739 2864 οἰσπρώνπι
767 2757 899 2866 πόθῳ
921 2743 1047 2866 ῥῖψαι
1074 2755 1235 2868 πέτρας

510 2889 600 2971 aad
627 2891 894 2993 πηλεφανούς.

193 3033 290 3123 Quae
301 3030 409 3104 verba
435 3033 465 3104 si
490 3033 541 3104 in
567 3033 782 3123 prologo
808 3032 923 3122 posita
944 3036 1070 3122 essent,
1097 3036 1171 3103 tum
1198 3052 1282 3103 sane
1309 3029 1450 3104 concedi

193 3173 311 3258 posset
335 3174 473 3257 poetam
499 3156 556 3239 eos
582 3168 642 3258 qui
668 3169 871 3259 spectabant
890 3166 932 3238 de
943 3165 1081 3239 fabulae
1106 3171 1325 3257 argumento,
1356 3165 1449 3258 quod
1523 3207 1529 3222 .

194 3306 408 3372 tractaturus
435 3307 520 3391 erat,
537 3298 679 3373 edocere
703 3300 866 3390 voluisse3
892 3301 949 3372 cui
966 3306 1083 3370 tamen
1108 3298 1287 3372 adversari
1312 3296 1452 3372 videtur

195 3444 354 3516 scholion
380 3444 418 3515 in
458 3413 753 3534 Hephaestionem
795 3442 841 3530 (v.
869 3437 1061 3532 Westphal.
1102 3436 1244 3529 Scriptt.
1271 3441 1369 3508 metr.
1397 3456 1449 3526 gr.

194 3598 229 3668 p.
260 3577 363 3669 ἳ23),ι
385 3576 445 3648 ubi
472 3575 659 3647 scholiasta
678 3576 749 3646 thos
775 3578 983 3664 anapaestos
1009 3561 1189 3662 εἰςβολήν
1210 3570 1282 3655 πῆς
1301 3571 1452 3641 Λευκα-

196 3700 287 3794 dc‘uc
318 3697 557 3815 Μενάνδρου
583 3709 774 3799 appellasse
811 3705 960 3796 videtur,
1000 3725 1103 3796 quam
1134 3724 1254 3775 vocem
1292 3701 1453 3774 Meineke

195 3847 221 3918 l.
247 3845 270 3917 l.
299 3845 361 3936 Ip.
389 3847 459 3915 443
477 3843 685 3935 ‘proximum
711 3844 824 3916 locum
852 3847 966 3932 post
1002 3839 1115 3932 prol
1132 3859 1222 3929 ogn
1241 3835 1298 3927 m'‚
1337 3838 1453 3928 itaque

198 3981 269 4052 iam
296 3976 757 4071 ipsinsdramatis
794 3976 1013 4047 initium
1040 3972 1452 4063 significaretestisest3

199 4115 242 4186 cf.
268 4112 352 4186 ibid.
380 4113 445 4187 vol.
473 4111 535 4204 IV,
561 4134 595 4203 p.
625 4114 705 4182 159.
945 4085 946 4088 Ἴ

298 4245 353 4318 Ad
380 4252 625 4337 argumentum
663 4245 768 4317 huius
793 4243 930 4316 fabulae
955 4239 1209 4314 restituendum
1236 4263 1257 4312 a
1282 4241 1452 4312 recentio-

199 4379 299 4452 ribus
326 4379 529 4473 plerumque
553 4378 665 4452 Servii
690 4378 787 4450 locus
827 4397 933 4467 supra
958 4374 1084 4447 allatus
1110 4375 1253 4464 accitur,
1275 4346 1341 4445 'ubi
1368 4372 1453 4444 haec

200 4520 404 4607 sequuntur:
435 4515 497 4603 „ln
523 4514 619 4606 queis
647 4514 708 4605 (so.
723 4512 862 4583 feminis
889 4530 1005 4582 amore
1031 4509 1068 4579 in
1094 4509 1270 4580 Phaonem
1295 4508 1453 4596 flagron·
1600 4506 1604 4508 ’

201 4649 312 4740 tibus)
338 4647 406 4720 fuit
430 4669 492 4721 un
505 4669 537 4738 a,
563 4667 651 4739 quae
689 4644 731 4716 de
774 4635 891 4715 monte
929 4641 1090 4727 Lunata,
1132 4663 1210 4714 cum
1247 4641 1355 4742 potiri
1380 4641 1454 4722 eius

204 4846 417 4857 ——n—

313 4971 383 5047 Ἣ.
402 4971 517 5039 hoinalr
537 4971 557 5028 L
576 4973 597 5038 l.
615 4969 657 5026 111
676 4982 722 5049 pp.
742 4968 803 5038 311,
821 4967 881 5034 442.
