3736 6012
705 513 903 583 -19-

116 736 119 744 ’
176 737 371 812 Pronomen
396 739 580 812 relativum
605 728 652 814 αι’
677 740 721 812 ad
750 739 870 813 Musas
896 741 1019 813 referri
1044 740 1259 832 intellegitur
1273 763 1315 815 ex
1330 743 1431 815 Aris-

177 873 240 948 tid.
266 875 312 968 II,
342 880 424 964 508,
450 897 551 970 quem
577 875 695 966 Bergk
719 874 765 948 ad
785 876 820 948 h.
846 876 869 948 l.
897 877 992 950 citat:
1018 875 1072 966 ὠς
1098 874 1235 968 αὐτήν
1265 882 1326 973 (sc.
1357 871 1430 974 τήν

178 1006 359 1105 Σαπφώ)
386 1008 443 1084 αἱ
470 1021 509 1126 tf
520 1011 634 1087 ocio
641 1031 699 1087 αι
728 1013 775 1104 (h.
802 1012 825 1083 l.
853 1012 1052 1107 Pegasides)
1082 1015 1144 1117 τῷ
1168 1005 1260 1088 ὄντι
1283 1005 1431 1105 ὀλβίαν

179 1142 244 1217 καὶ
282 1133 465 1237 Ζηλωτὴν
504 1138 712 1236 ἐποίησαν.
753 1123 857 1218 Notio
895 1152 1010 1219 autem
1039 1146 1182 1224 αιαιαν
1222 1169 1243 1220 a
1275 1147 1431 1221 Romano

178 1283 279 1368 poeta
322 1299 486 1369 expressa
511 1288 564 1352 est
589 1300 651 1369 per
688 1284 800 1351 totum
842 1284 1108 1370 pentametrum3
1153 1279 1260 1353 verba
1286 1279 1432 1374 denique

178 1397 284 1517 ἔργα
325 1401 380 1485 αα
414 1402 499 1504 σφα
539 1403 679 1486 docum
715 1409 896 1504 apoetria
920 1413 959 1485 in
984 1415 1185 1487 universum
1224 1415 1362 1506 prolata
1386 1416 1431 1490 ab

178 1543 303 1620 Ovidio
342 1568 420 1620 cum
461 1548 572 1639 magis
611 1547 763 1638 propriis
802 1554 1012 1620 commutata
1052 1569 1128 1622 esso
1166 1549 1224 1622 vin
1263 1549 1432 1644 estquod

178 1701 335 1754 moneam
351 1681 398 1772 *h
426 1680 539 1755 Simili
567 1681 666 1756 modo
704 1683 792 1772 frag.
822 1686 867 1755 68
895 1683 1028 1774 poetria
1053 1682 1156 1756 diviti
1182 1683 1330 1777 cuidam,
1373 1683 1432 1758 sed

178 1809 365 1916 ἀμούσῳ
389 1813 538 1888 feminae
563 1814 618 1887 his
644 1815 759 1888 verbis
785 1836 859 1888 sose
884 1817 1037 1908 opponit:

607 1947 717 2024 ..ori
746 1940 830 2043 γαρ
855 1941 1047 2048 πεδέχεις
1070 1941 1297 2053 βρόδων

392 2079 501 2151 τῶν
540 2078 594 2156 ἐκ
632 2080 931 2190 Πιερίας..

781 2311 823 2386 V.

277 2507 366 2582 Cum
391 2508 489 2582 brevi
529 2510 684 2582 oratione
725 2509 896 2583 inunum
935 2507 1109 2584 distichon
1136 2518 1324 2606 contracta,
1364 2535 1432 2606 qna

180 2640 322 2733 Sappho
346 2642 439 2734 apud
467 2641 631 2716 Ovidium
657 2641 828 2715 Venerem
854 2643 1061 2736 compellans
1087 2642 1268 2718 inducitur
1307 2647 1353 2739 (v.
1387 2651 1431 2722 57

182 2778 261 2870 sp),
289 2777 443 2850 conferre
467 2784 565 2869 potes
589 2777 738 2869 primam
764 2775 925 2868 Sapphus
950 2776 1051 2851 odam
1090 2778 1193 2869 (frag.
1224 2779 1273 2872 1)·,
1312 2779 1434 2871 impri-

184 2891 251 2982 mis
275 2913 465 2987 novissima
489 2913 670 3006 utriusque
694 2912 762 2986 loci
787 2913 893 2986 verba
919 2921 1127 3006 congruunt:
1169 3004 1171 3009 .

609 3047 693 3122 Vati
719 3047 945 3140 consule,
972 3047 1062 3141 diva,
1088 3055 1179 3121 tuac.

707 3170 765 3256 oc)
790 3173 831 3256 d'
856 3175 974 3258 atra

392 3311 717 3413 σύμμαχος
755 3311 894 3389 ἔσσο.

773 3543 833 3617 VI.

279 3741 459 3816 Sententia
483 3741 648 3814 feminam
672 3746 785 3814 aetate
810 3741 880 3814 iam
893 3739 1107 3832 provectiore
1121 3739 1241 3813 iuveni
1255 3737 1300 3812 ad
1314 3738 1436 3811 matri-

180 3876 336 3948 monium
362 3875 478 3949 minus
502 3880 621 3967 aptam
646 3894 721 3947 esse
744 3879 780 3946 ot
804 3895 836 3946 v.
861 3877 907 3946 85
934 3893 985 3964 sq.
1012 3878 1049 3945 et
1071 3872 1160 3964 frag.
1189 3876 1234 3946 75
1257 3878 1380 3945 exstat:

329 4009 576 4103 Quidmirum,
602 4011 646 4082 si
672 4008 1257 4102 meprimaelanuginis
1283 4013 1436 4080 aetas

389 4144 630 4218 Abstulit
654 4150 758 4238 atque
782 4143 879 4236 anni,
904 4163 991 4235 quos
1017 4143 1073 4215 vir
1096 4163 1214 4215 amare
1238 4141 1369 4235 potest?

491 4276 558 4352 Oc)
586 4268 669 4381 γαρ
697 4264 882 4374 rhotoopc'
907 4271 994 4388 ἔγω
1021 4273 1211 4368 &muciano
1264 4361 1266 4365 ,

606 4408 684 4517 νέῳ
713 4409 754 4505 γ’
779 4407 913 4485 ἔσσα
954 4404 1296 4517 γεραιτέρα.

185 4546 284 4641 Quod
310 4569 387 4620 cum
412 4553 560 4640 utroque
595 4547 669 4620 loco
709 4546 928 4638 concedatur,
966 4544 1059 4637 apud
1099 4542 1264 4617 Ovidium
1296 4541 1437 4635 Sappho

185 4681 410 4756 nihilominus
448 4681 636 4755 aPhaone
662 4703 723 4754 suo
748 4680 847 4772 petit,
881 4686 921 4753 ut
945 4681 1056 4772 ipsam
1093 4685 1196 4771 amet,
1235 4698 1314 4751 cum
1351 4674 1437 4750 illud

294 4947 317 5018 ·)
336 4946 402 5005 dnm
422 4947 473 5002 hoc
493 4961 520 5004 n.
538 4945 575 5002 ci.
594 4943 672 5000 intra
691 4958 717 5014 p.
736 4944 781 5002 ts.
1244 5011 1290 5088 2*
