3736 6012
973 515 1167 590 ..23-

447 757 626 825 mutuatus
652 773 727 825 esse
752 753 901 844 videtur,
929 755 988 826 ubi
1014 753 1057 825 de
1082 750 1217 836 Naiade
1241 750 1395 840 poetriae
1424 744 1589 818 suadente
1616 765 1704 815 uar-

445 887 546 977 ravit
572 892 612 957 111
625 885 668 957 de
682 885 854 959 Leucadio
880 887 1120 979 promunturio
1146 887 1183 956 in
1197 904 1293 956 mare
1319 904 1356 955 se
1380 880 1626 973 praecipitaret
1649 879 1703 970 *);

446 1027 483 1116 11
507 1023 704 1093 accuratius
730 1023 922 1112 enucleare,
950 1020 1119 1113 quomodo
1144 1019 1203 1091 illa
1230 1017 1402 1091 Ouidiana
1429 1014 1535 1086 verba
1548 1012 1593 1085 ad
1611 1011 1705 1104 Sap-

445 1154 535 1246 phus
576 1176 714 1227 carmen
752 1156 959 1246 referantur,
1000 1176 1069 1227 nou
1095 1173 1288 1244 possumus,
1324 1173 1401 1223 cum
1429 1151 1529 1223 initio
1556 1154 1706 1239 excepto

447 1287 651 1379 fragmentis
678 1287 837 1362 destituti
863 1289 972 1360 simus
991 1288 1060 1378 11).

965 1485 1176 1496 *menna—*-

457 1652 876 1670 m

554 1773 578 1841 ⁶)
596 1775 644 1832 Vr.
665 1778 814 1837 iii-175:

660 1866 708 1922 list
726 1867 831 1924 nitidus
851 1870 976 1938 vitroque
995 1870 1084 1940 magis
1102 1869 1261 1940 perlucidus
1280 1867 1354 1923 omni

697 1957 766 2013 lons
784 1974 870 2018 sacer.
890 1962 963 2018 huuc
981 1962 1063 2018 multi
1082 1973 1183 2016 numen
1200 1959 1304 2016 habore
1323 1959 1431 2028 putant·

663 2045 743 2111 Quem
763 2062 848 2119 supra
867 2064 957 2106 ramos
977 2050 1100 2107 extendit
1119 2050 1248 2118 aquatica
1266 2050 1345 2119 lotos,

698 2137 756 2194 Una
774 2153 877 2213 nemus,
896 2143 991 2197 tenero
1011 2140 1131 2211 caespite
1150 2142 1227 2196 terra
1246 2140 1327 2196 viret.

662 2227 712 2284 llio
731 2242 780 2296 ego
799 2246 860 2287 cum
878 2234 965 2290 lassos
983 2233 1134 2303 posuissem
1152 2231 1270 2288 fletibus
1289 2231 1375 2300 artus,

699 2317 829 2378 Constitit
848 2324 913 2378 ante
932 2326 1024 2380 oculos
1044 2322 1129 2378 Naias
1147 2337 1202 2376 una
1222 2334 1303 2377 meos:

663 2406 801 2482 Constitit
821 2414 848 2466 et
867 2412 939 2468 dixit
955 2412 1095 2481 ‘quoniam
1112 2426 1167 2467 uon
1186 2410 1297 2490 ignitus
1315 2408 1410 2476 aequis

699 2500 800 2573 1111111,
820 2504 965 2560 Ambracia
986 2505 1028 2558 est
1045 2506 1124 2559 terra
1142 2500 1261 2570 petenda
1279 2499 1341 2556 tihi.

664 2588 786 2646 Phoebus
805 2593 840 2648 ab
860 2595 974 2664 excelso,
993 2594 1126 2660 quantum
1145 2591 1231 2662 patet
1251 2587 1370 2659 adspicit
1389 2601 1498 2654 aequor:

700 2680 831 2738 hetaeum
850 2684 946 2753 populi
964 2683 1180 2749 Leucadiumque
1200 2680 1307 2737 vocant·

666 2768 736 2824 ilino
754 2785 782 2826 se
800 2773 950 2830 Deucalion
968 2772 1093 2842 inchoo
1113 2785 1257 2826 succensus
1276 2782 1368 2824 amore

699 2858 784 2931 nisit,
804 2863 832 2916 et
849 2863 946 2919 illaeso
966 2877 1078 2932 corpore
1098 2861 1200 2931 pressit
1219 2872 1312 2925 aquas:

665 2948 822 3022 1111111111,
842 2966 936 3008 versus
955 2938 1032 3008 amor
1050 2951 1146 3020 tetigit
1163 2949 1319 3006 lentissima
1338 2949 1421 3004 mersi

701 3041 823 3113 Pectora,
841 3042 990 3099 Deucalion
1009 3043 1072 3111 igne
1092 3043 1200 3098 levatus
1219 3040 1287 3096 orat.

664 3131 741 3185 lianc
759 3133 847 3199 legem
866 3134 941 3188 locus
960 3133 1010 3188 ille
1029 3132 1113 3187 tenet.
1133 3132 1196 3200 pete
1216 3129 1343 3198 protinus
1361 3129 1447 3184 alten

701 3219 833 3292 Leucada,
853 3236 903 3276 nec
921 3237 986 3278 saxo
1005 3222 1148 3278 desiluisse
1167 3220 1251 3275 time’.

666 3309 700 3364 Ut
718 3311 832 3382 monuit,
852 3327 912 3366 oum
933 3326 996 3366 voce
1016 3311 1095 3366 abiit.
1116 3324 1163 3378 ego
1182 3309 1284 3365 territa
1304 3323 1394 3380 surgo,

701 3399 755 3454 1111
774 3400 905 3466 gravidae
925 3401 1057 3456 lacrimas
1076 3399 1236 3454 continuere
1252 3413 1349 3465 genae.

665 3489 777 3559 ibimus,
797 3503 811 3544 o
830 3490 961 3560 nymphe,
980 3490 1186 3554 monstrataque
1206 3502 1272 3543 saxa
1291 3489 1422 3556 petemus.

558 3576 674 3632 Initium
691 3577 773 3632 huius
790 3578 845 3633 loci
864 3579 920 3633 iarn
939 3593 1023 3646 supra
1043 3594 1068 3646 p.
1090 3580 1124 3634 24
1142 3591 1168 3632 11.
1187 3577 1231 3632 XV
1250 3579 1311 3632 c'um
1336 3576 1462 3645 Sapphus
1480 3577 1552 3644 frag.
1573 3579 1590 3632 4
1611 3577 1705 3634 verbis

455 3665 627 3723 contulimus.
657 3667 754 3732 Quodsi
781 3669 876 3723 nostra
905 3668 1062 3723 coniectura
1091 3681 1185 3723 verum
1214 3665 1332 3724 assecuti
1359 3679 1459 3738 sumus,
1479 3665 1550 3722 illud
1570 3667 1705 3722 Graecum

453 3769 572 3828 carmen,
591 3756 661 3812 unde
681 3757 815 3814 ovidiana
834 3772 962 3826 expressa
985 3758 1058 3828 sunt,
1077 3756 1161 3813 focile
1180 3755 1346 3825 posteriores
1365 3769 1533 3812 commovere
1553 3757 1654 3826 potuit,
1673 3759 1706 3813 ut

453 3847 589 3914 postulem
616 3849 754 3916 nymphae
782 3847 895 3903 consilio
925 3848 1080 3902 obsecutam
1108 3847 1141 3902 de
1160 3846 1294 3902 leucadio
1322 3847 1513 3914 promunturio
1543 3846 1618 3901 saltu
1646 3860 1704 3900 sese

454 3935 594 3991 demisisse
613 3937 755 4006 finxerint,
775 3937 877 4004 dequo
897 3936 973 3992 infra
991 3938 1081 4006 plura.

550 4025 645 4092 *1111
664 4041 724 4081 eom
744 4027 878 4096 epistulae
898 4028 1014 4097 partem,
1033 4027 1082 4082 uhi
1101 4027 1209 4094 Sappho
1231 4040 1321 4080 omnes
1342 4025 1516 4080 calamitates
1526 4026 1607 4092 atque
1626 4025 1706 4080 mise-

456 4115 522 4184 rias,
540 4128 610 4181 1111
636 4115 666 4169 in
695 4116 783 4184 ipsam
811 4116 962 4184 irruerunt,
982 4117 1105 4171 recenset
1132 4119 1185 4182 (vv.
1215 4116 1337 4185 ssa-72),
1367 4114 1468 4182 optime
1497 4114 1600 4169 referri
1619 4114 1707 4183 possit

456 4204 567 4260 initium
586 4205 717 4260 carminis
736 4220 749 4261 e
767 4205 865 4259 ionicis
884 4221 901 4261 a
919 4206 1025 4260 minore
1045 4205 1195 4274 compositi
1215 4204 1285 4270 quod
1303 4203 1469 4273 Hephaestio
1489 4202 1704 4273 servemini?
1722 4229 1726 4236 ·

457 4294 497 4350 ed.
517 4294 686 4364 Westphal.):

624 4383 711 4470 Ἔμε
732 4383 851 4463 ostias,
876 4386 926 4468 ἔμε
950 4390 1053 4449 πασᾶν
1077 4385 1254 4450 meandros
1280 4388 1477 4467 πεδέχοισαν.

457 4492 529 4558 Quod
547 4495 642 4547 tamen
660 4506 771 4548 carmen
790 4494 824 4548 ah
844 4493 894 4549 illo
913 4492 1027 4548 metrico
1056 4493 1191 4562 scriptore
1219 4491 1321 4570 diserte
1349 4493 1448 4548 Alcaeo
1467 4491 1605 4546 tribuitur
1622 4490 1707 4559 (frag.

457 4583 508 4650 59).
528 4583 656 4638 Attamen
673 4583 743 4648 quod
762 4583 803 4638 ibi
821 4583 924 4638 femina
942 4582 1065 4649 loquitur
1093 4582 1121 4637 11
1140 4582 1332 4649 oruamentum
1360 4581 1486 4649 lugubre,
1510 4581 1654 4647 (quantum
1672 4595 1707 4637 111

456 4671 500 4725 his
518 4672 616 4740 primis
635 4673 727 4728 veihis
756 4672 881 4728 concludi
908 4671 992 4738 licet),
1021 4672 1119 4726 licaeo
1148 4670 1266 4724 ‘sonanti
1288 4668 1407 4738 plenius‘
1435 4669 1548 4724 minime
1569 4669 1707 4740 convenit,

456 4761 526 4816 illud
545 4760 732 4830 fragmentum
750 4762 841 4831 potius
861 4760 1001 4829 Sapphoni
1019 4760 1195 4816 tribuendum
1214 4775 1270 4814 esse
1290 4760 1448 4828 putaverim
1459 4758 1710 4828 apudiiephaesti-

457 4864 534 4904 onem
553 4850 582 4904 iu
601 4851 764 4906 nominando
784 4853 895 4906 auctore
924 4851 1048 4904 erratum
1077 4864 1133 4904 esse
1153 4850 1284 4905 statuens,
1315 4848 1387 4915 Quod
1416 4862 1480 4903 sane
1505 4847 1567 4902 fieri
1585 4849 1709 4918 potuisse

456 4941 592 5034 concedes,
612 4943 635 4997 si
653 4941 828 5014 reputaveris
855 4939 1064 5010 Hephaestionis
1093 4940 1276 4996 enchiridium
1304 4941 1347 4994 ter
1374 4939 1404 4994 in
1424 4939 1533 4996 brevius
1563 4939 1709 4996 redactum
