3784 6014
739 495 936 571 ..99-

204 730 276 804 lata
301 737 383 805 sunt
408 753 429 804 a
455 729 691 822 Comparettio
704 732 738 824 *1
767 738 801 804 et
814 729 951 804 Vriesio
965 731 1032 824 aa),
1064 753 1272 824 quamquam
1298 733 1355 804 hic
1375 753 1458 825 quo·

128 874 131 880 '
205 863 273 957 q‘ue
297 864 383 936 illud
408 886 534 939 nomen
572 865 686 955 potius
724 864 969 938 removendum
992 861 1090 937 vesse¹
1109 886 1151 938 ex
1177 866 1326 957 epistula
1349 867 1459 938 libere

204 997 344 1072 fatetur.
373 1001 590 1092 Quapropter
628 999 670 1071 de
695 998 822 1072 codicis
847 998 864 1069 f
886 999 1060 1088 scriptura
1096 1000 1294 1092 recipienda
1321 999 1458 1074 collato-

206 1155 272 1224 que
297 1132 454 1206 Petronii
494 1132 604 1224 (CXX
645 1137 758 1228 bsq.)
797 1133 871 1206 loco
910 1132 952 1204 de
984 1136 1137 1225 epitheto
1169 1136 1391 1210 furialis
1418 1137 1455 1209 in

206 1267 399 1340 feralis
427 1267 592 1340 mutando
608 1269 794 1366 cogitabat,
809 1274 964 1341 attamen
989 1273 1166 1361 proposita
1192 1271 1391 1346 coniectura
1415 1292 1461 1342 ne
1493 1364 1495 1370 .

208 1403 276 1492 ipsi
303 1400 444 1493 quidem
482 1402 617 1474 auctori
643 1403 773 1495 arrisit,
798 1403 1020 1496 quamobrem
1047 1405 1203 1496 quaestio
1229 1405 1266 1477 in
1292 1426 1459 1497 suspenso

207 1536 252 1607 ab
280 1557 319 1608 eo
343 1535 466 1608 relicta
492 1535 637 1628 esitii).
665 1519 787 1628 Itaque
802 1535 1033 1625 ‘grammatici
1048 1543 1184 1611 certant
1210 1538 1370 1612 etadhuc
1396 1538 1460 1611 sub

207 1670 323 1742 iudice
347 1669 390 1742 lis
420 1667 493 1742 est'.
581 1717 584 1725 ·
1110 1762 1111 1766 Ἴ

307 1803 473 1877 Attamen
498 1779 609 1874 aiano
635 1803 747 1874 secius
774 1803 860 1874 mini
886 1802 954 1875 levi
985 1791 1118 1874 manea
1144 1803 1477 1878 animaruum

208 1939 304 2012 locus
330 1908 460 2028 optime
484 1936 602 2008 sanari
629 1955 730 2026 posse
754 1934 904 2010 videtur.
922 1922 1017 2028 'Quis
1033 1936 1124 2008 enim
1139 1942 1201 2023 est,
1229 1938 1288 2031 qui
1314 1940 1459 2029 nesciat,

210 2075 340 2163 quanto
365 2088 468 2160 opere
492 2066 665 2158 imprimis
691 2068 833 2140 nomina
859 2069 1003 2159 propria
1029 2068 1066 2140 in
1093 2067 1233 2159 optimis
1259 2090 1394 2162 quoque
1418 2069 1461 2140 li-

210 2205 284 2278 bris
310 2225 390 2276 mss,
419 2203 606 2293 depravata
644 2203 732 2275 sint?
758 2202 856 2294 Quod
891 2204 956 2275 hoc
981 2224 1115 2296 quoque
1139 2203 1213 2276 loco
1239 2204 1461 2278 statuendum

212 2345 266 2410 est
291 2340 352 2430 ita,
379 2344 488 2410 utne
512 2358 582 2410 una
607 2336 746 2429 quidem
786 2335 940 2409 codicum
976 2337 1149 2428 scriptura
1175 2338 1377 2428 accipienda
1403 2307 1474 2426 sit‚'

212 2492 420 2565 quamquam
458 2471 496 2543 in
533 2470 666 2542 duabus
700 2471 737 2542 in
764 2469 853 2542 OTO
892 2469 1131 2544 desinentibus
1169 2472 1313 2545 alterius
1349 2474 1461 2563 partis

212 2573 363 2678 nominis
389 2627 411 2678 a
435 2611 537 2695 poeta
562 2606 684 2696 scripti
710 2605 857 2694 vestigia
882 2609 1017 2678 exstare
1041 2604 1214 2679 videntur.
1253 2606 1461 2680 Persuasum

207 2743 302 2815 enim
329 2740 439 2814 habeo
465 2739 508 2812 ab
535 2737 661 2811 Ouidio
698 2739 763 2811 hoc
799 2739 874 2812 loco
912 2761 1016 2812 unam
1043 2761 1062 2812 e
1087 2739 1274 2813 Furiarum
1306 2763 1460 2835 numero,

208 2872 487 2967 bonomiam,
539 2874 653 2964 prima
692 2873 821 2967 syllaba
860 2881 1017 2965 correpta
1068 2875 1283 2948 nominatam
1320 2879 1462 2968 eiusque

209 3033 336 3085 nomen
361 3010 399 3082 in
425 3014 589 3099 corrupta
612 3007 759 3080 lectione
783 3007 894 3081 latens
920 3010 1156 3100 reponendum
1190 3032 1273 3083 esse.
1314 3010 1406 3084 Nam
1430 3011 1461 3082 si

209 3147 379 3218 rationem
418 3142 741 3235 palaeopraphioam
780 3149 925 3234 spectas,
978 3141 1165 3235 depravata
1210 3146 1385 3236 scriptura
1423 3148 1461 3218 in

209 3279 362 3372 quinque
387 3276 457 3349 illis
483 3275 592 3349 variis
629 3275 835 3348 lectionibus
874 3297 944 3348 non
982 3282 1055 3350 tam
1092 3276 1194 3367 longe
1231 3300 1252 3350 a
1284 3279 1462 3372 proposita

210 3412 449 3488 emendatione
474 3412 617 3504 recedit3
641 3412 777 3506 Enyo
801 3434 882 3486 vero
909 3414 1125 3486 coniecturae
1139 3413 1292 3504 debetur,
1319 3414 1461 3489 Erin-

211 3549 291 3619 nis
318 3552 433 3619 autem
458 3567 522 3637 pro
546 3545 720 3636 genuinae
744 3546 940 3636 scripturae
965 3545 1195 3637 explicatione
1219 3548 1462 3638 accipiendum

211 3703 286 3756 esse
310 3678 457 3754 videtur.
489 3681 597 3752 Porro
623 3680 795 3753 sententia
821 3702 954 3773 quoque
979 3682 1109 3771 optime
1121 3680 1289 3773 procedit,
1316 3681 1460 3755 Furiam

210 3817 306 3890 illam
332 3817 567 3890 Romanorum
592 3817 702 3906 poetis
729 3815 822 3888 haud
848 3816 1005 3906 ignotam
1031 3816 1138 3887 fuisse
1163 3815 1263 3889 docet
1287 3815 1348 3890 illa
1374 3815 1462 3889 Ver-

211 3951 342 4041 giliana
367 3950 409 4023 (le
433 3949 561 4024 Amata
586 3949 629 4023 ab
655 3949 821 4022 Alectone
846 3952 884 4022 in
908 3950 1060 4022 furorem
1073 3951 1330 4042 actanarrati0‚
1359 3971 1462 4043 quam

320 4322 345 4400 ⁴)
359 4332 389 4392 V.
409 4333 468 4390 eins
486 4332 714 4405 disquisitionem,
733 4347 802 4399 qnae
822 4331 995 4389 inscribitur:
1018 4333 1102 4389 «Sull’
1125 4331 1291 4390 autenticiti
1311 4331 1387 4388 della
1405 4331 1463 4400 epi·

212 4425 287 4482 stola
305 4423 437 4482 ovidiana
464 4423 494 4479 li
521 4423 592 4481 Saffo
620 4424 759 4479 alaone»
789 4423 819 4478 in
845 4422 1032 4479 Publicanioni
1060 4421 1104 4478 del
1132 4424 1162 4480 lt.
1181 4422 1313 4480 Instituto
1341 4421 1462 4477 distuli

213 4515 352 4587 superiori
369 4515 400 4572 in
417 4515 537 4587 lisama,
557 4517 610 4572 vol.
630 4515 666 4586 11,
688 4518 700 4572 1
720 4515 812 4580 (1876)
829 4528 856 4583 p.
878 4513 918 4571 19.

308 4601 345 4670 **)
363 4605 382 4660 l.
400 4605 420 4659 l.
439 4617 485 4672 pp.
507 4603 655 4661 leo-138.
1518 4649 1520 4654 ,

294 4692 345 4762 *”)
363 4693 403 4752 ef.
421 4695 440 4751 l.
459 4695 479 4752 L
498 4708 524 4763 p.
545 4694 605 4751 138:
635 4692 716 4750 «bum
743 4694 837 4748 tamen
862 4693 971 4748 nullum
999 4692 1076 4749 aliud
1103 4691 1171 4749 talis
1198 4693 1291 4762 linyns
1315 4691 1463 4760 vestigium

214 4783 288 4855 apul
307 4783 434 4850 antiquos
460 4783 609 4852 scriptores
635 4781 798 4853 repererim,
825 4782 897 4838 hano
916 4781 1025 4850 quinem
1053 4796 1112 4837 rem
1130 4780 1161 4836 in
1181 4781 1286 4838 incerto
1305 4781 1462 4848 relinquere

213 4873 304 4931 tutius
323 4873 457 4930 violetur».
1040 4881 1041 4884 ’

1209 4980 1254 5056 7.
