3736 6012
722 507 894 580 ..g-

183 758 262 809 raro
276 744 413 810 tantum
427 739 516 811 inire
529 739 621 827 licat,
648 736 813 811 audacius
828 746 945 813 autem
959 740 1159 831 procedenti
1186 743 1313 834 evenit,
1340 748 1381 816 ut
1394 743 1432 816 in

181 873 294 943 locum
320 872 473 944 veterum
501 893 657 943 errorum
684 892 747 943 sua
774 873 883 963 ipsius
911 871 1003 958 haud
1020 874 1136 946 minus
1150 874 1314 965 ambigua
1341 897 1432 970 aom-

183 1013 299 1079 menta
324 1009 426 1080 rest't
473 1014 496 1081 t.
526 1066 531 1076 ,
960 1006 963 1016 “

281 1143 378 1215 Inter
404 1148 533 1214 ceteras
559 1143 746 1235 lyricorum
771 1143 1044 1231 fragmentorum
1072 1141 1168 1232 sedes
1193 1144 1324 1216 latInae
1349 1167 1433 1237 quo·

182 1298 247 1368 que
272 1277 409 1349 litterae
435 1276 529 1349 haud
554 1299 667 1369 pauca
681 1278 809 1350 auxilia
822 1277 867 1348 ad
885 1278 1148 1350 restaurandam
1175 1281 1281 1351 huius
1294 1282 1432 1370 generis

184 1409 393 1485 Graecorum
420 1415 533 1503 poesis
559 1414 745 1502 genuinam
781 1414 925 1485 formam
954 1413 1176 1504 suppeditare
1202 1414 1326 1506 solent,
1354 1436 1432 1486 cum

181 1547 281 1618 latini
308 1549 493 1637 scriptores
520 1537 626 1618 variis
652 1547 890 1619 occasionibus
907 1548 1030 1640 oblatis
1045 1547 1256 1622 Graecorum
1278 1550 1433 1622 carmtna

182 1685 416 1756 converterint
438 1684 491 1755 val
523 1682 690 1757 Imitando
717 1687 960 1774 expresserint.
1004 1687 1112 1775 Quem
1138 1685 1268 1757 fontem
1294 1686 1428 1774 gravis-

182 1817 261 1887 simi
288 1812 452 1889 momenti
479 1837 552 1888 esse
574 1815 719 1906 Berglxii
745 1817 869 1888 Poetae
893 1816 994 1909 lyrici
1021 1814 1145 1889 Graeci
1184 1817 1313 1906 passim
1347 1819 1433 1890 satis

182 1973 353 2044 superque
379 1958 562 2049 testantur,
592 1954 646 2024 cui
661 1956 745 2025 etin
761 1951 973 2060 corrigendis
989 1959 1023 2024 at
1036 1954 1073 2025 in
1088 1951 1338 2042 coniungendis
1350 1953 1432 2046 lyri-
1484 2042 1486 2048 ,

185 2107 302 2158 corum
329 2086 444 2158 uerbis
471 2086 515 2158 ad
540 2086 666 2159 latinos
694 2088 850 2175 homines
871 2088 1055 2176 refugienti
1069 2107 1139 2158 non
1154 2085 1258 2157 semel
1275 2087 1432 2178 contigit,

182 2227 370 2294 utsumma
396 2243 475 2293 cnm
501 2191 820 2294 verisimilitudine
846 2223 937 2294 locos
964 2220 1120 2292 difficiles
1154 2220 1369 2310 expediverit
1406 2221 1431 2313 l.
1535 2313 1537 2334 1

184 2362 257 2450 Quo
284 2361 394 2449 magis
421 2339 619 2432 mirandum
659 2367 711 2432 est
750 2360 904 2431 homines
941 2357 1114 2431 litteratos
1154 2360 1332 2449 hucusque
1363 2358 1434 2430 fere

183 2497 349 2568 intactam
375 2495 555 2586 reliquisse
573 2493 733 2584 Sapphus
750 2493 794 2566 ad
809 2493 984 2566 Phaonem
1011 2493 1195 2584 epistulam
1210 2493 1301 2564 inter
1316 2489 1433 2564 Ovidii

182 2626 351 2700 Heroides
377 2629 550 2700 decimum
563 2629 723 2719 quintum
738 2628 850 2699 locum
867 2626 1090 2717 obtinentem,
1118 2648 1206 2718 qnae
1219 2647 1260 2698 ex
1275 2623 1434 2699 CCXXII

182 2762 342 2836 versibus
369 2769 530 2836 constans
547 2763 606 2854 aa)
635 2763 759 2833 mIram
786 2759 961 2853 quandam
987 2782 1149 2832 versuum
1181 2760 1434 2832 sententiarum

182 2899 398 2988 singularum
425 2919 547 3002 vocum
574 2898 784 2987 farraginem
824 2895 939 2988 habet,
980 2917 1068 2987 quaa
1092 2895 1223 2967 latinus
1265 2901 1365 2985 poeta
1390 2916 1433 2966 ax

181 3031 363 3124 Sapphicis
390 3030 602 3104 carminibus
629 3037 806 3103 mutuatus
832 3036 893 3102 aut
906 3030 1044 3118 integra
1070 3012 1130 3101 aut
1146 3034 1251 3119 prout
1276 3031 1308 3100 ei
1334 3028 1434 3101 vida-

181 3167 285 3239 batur
310 3165 490 3237 deaurtata
514 3171 617 3256 atque
643 3165 766 3236 mutila
792 3167 828 3236 ln
856 3183 956 3234 usum
983 3183 1084 3234 suum
1110 3162 1293 3234 convertit.
1322 3162 1434 3253 Quam

96 3369 102 3380 .
181 3325 254 3376 rem
279 3304 411 3393 priores
430 3299 598 3391 ‹Sapphus
625 3301 898 3389 fragmentorum
912 3305 1129 3371 enarratores
1143 3298 1274 3387 fugisse
1289 3318 1358 3370 non
1382 3302 1434 3368 est

182 3463 246 3513 our
271 3440 446 3530 miremur3
473 3436 642 3530 quomodo
669 3457 750 3508 vero
775 3421 920 3524 Berghii
946 3433 1173 3525 diligentiam,
1203 3432 1337 3506 duobus
1357 3436 1436 3503 tan-

181 3583 256 3649 tum
280 3574 364 3647 locis
391 3573 483 3646 illius
509 3570 677 3662 epistulae
702 3591 822 3642 versus
849 3590 926 3641 aum
942 3567 1105 3659 Sapphus
1131 3568 1293 3659 genuinis
1318 3567 1434 3640 verbis

182 3710 414 3801 comparantis
448 3681 555 3781 latere
594 3707 756 3798 potuerit,
796 3707 854 3778 vix
893 3705 1048 3795 intellegi
1086 3711 1207 3796 potest.
1249 3705 1291 3777 ln
1323 3705 1433 3794 ipsius

182 3863 315 3935 quoque
355 3840 517 3913 Heroidis
556 3841 811 3912 commentariis
850 3861 870 3910 a
911 3838 1005 3910 nullo
1044 3840 1196 3929 poetriae
1241 3837 1434 3909 carminum

182 3979 348 4071 reliquiae
372 3978 421 4049 ita
448 3983 487 4062 nt
512 3999 577 4068 par
617 3983 692 4049 erat
730 3975 953 4066 comparandi
980 3996 1084 4048 causa
1122 3975 1246 4048 allatae
1271 3980 1365 4067 sunt,
1392 3995 1436 4045 ne

182 4115 364 4187 aVriesio
391 4113 528 4206 quidem
567 4114 709 4204 Batava,
749 4113 809 4203 qui
848 4133 923 4184 eam
962 4109 1146 4203 epistulam
1188 4110 1434 4215 commentario

184 4303 615 4324 Μ

255 4423 277 4490 *l
296 4422 627 4480 Sanaestaonaedendnm
646 4423 696 4477 hoc
715 4421 918 4480 adminiculum
938 4422 968 4477 in
986 4421 1145 4498 lyricorum
1156 4422 1325 4478 Graecorum
1341 4419 1435 4476 uerbis

183 4514 377 4572 restaurandis
403 4528 458 4568 non
486 4527 592 4583 semper
622 4513 750 4569 adhiberi
774 4528 861 4584 posse,
882 4527 946 4568 anm
969 4513 1055 4569 latIni
1075 4511 1200 4568 homines
1221 4512 1362 4567 interdum
1380 4524 1436 4566 non

183 4605 300 4659 uerbum
321 4619 334 4658 a
353 4603 438 4658 uerbo
459 4602 656 4672 expresserint,
677 4604 723 4658 sed
742 4603 845 4659 leviter
865 4606 977 4660 tantum
998 4603 1169 4658 Graecorum
1189 4605 1311 4658 mentem
1330 4600 1435 4667 attiga-

183 4693 252 4757 rint,
271 4691 344 4748 alias
362 4691 418 4760 ipsi
428 4692 563 4748 eiusmodi
582 4706 679 4748 versus
697 4693 858 4762 panxerint,
879 4694 951 4749 alias
970 4693 1075 4749 Graeca
1095 4697 1181 4750 verbo
1201 4706 1302 4762 parum
1323 4689 1436 4746 intelle-

184 4782 277 4838 xerint
296 4781 340 4837 vel
360 4796 489 4850 perversa
508 4783 693 4852 interpretati
703 4785 770 4839 sint.
791 4783 977 4850 buccauncta
997 4784 1187 4843 consideranti
1205 4783 1236 4839 in
1252 4782 1305 4844 hae
1323 4780 1436 4838 lubrica

183 4871 229 4926 via
248 4872 517 4931 aantioadhibenda
538 4875 579 4931 ast
599 4888 683 4940 uuam
703 4873 935 4942 diligentissima.

255 4964 292 5034 ”l
310 4965 348 5021 ilf.
365 4964 443 5021 infra
462 4981 507 5039 pp.
532 4965 678 5029 lot-105.
