3784 6014
711 533 908 612 ..57-

185 771 212 862 1,
229 775 286 860 32,
317 775 356 840 11
374 775 522 844 testatur
538 769 585 862 i),
613 768 716 840 semel
742 775 878 842 tantum
904 770 991 859 frag.
1035 774 1078 840 58
1112 768 1156 841 ab
1183 770 1258 858 ipso
1285 785 1423 840 comme·

185 909 352 994 moratur,
379 901 438 972 ubi
462 901 563 974 lectio
588 924 632 975 ne
658 909 751 975 certa
765 902 901 994 quidem
921 923 996 974 esse
1009 900 1155 974 videtur.
1183 903 1305 993 Itaque
1331 924 1434 995 quam

185 1036 288 1114 fidem
301 1037 446 1110 Horatio
466 1036 644 1127 habemus,
671 1037 708 1107 in
722 1036 826 1107 simili
841 1037 1040 1126 quaestione
1054 1057 1115 1107 our
1130 1033 1293 1108 Ovidium
1311 1057 1351 1108 ea
1365 1058 1435 1107 non

187 1169 331 1261 dignum
357 1169 533 1260 ducamus,
572 1192 642 1242 non
667 1169 776 1243 video.
805 1170 1046 1260 Quamobrem
1083 1169 1200 1260 Bergk
1238 1171 1315 1241 iure
1347 1169 1435 1240 mihi

185 1303 327 1380 videtur
349 1302 434 1376 illud
459 1305 691 1393 fragmentum
718 1302 761 1376 ad
789 1303 965 1376 Phaonem
991 1303 1162 1375 retulisse.
1190 1301 1301 1375 Porro
1317 1308 1434 1374 autem
1468 1381 1470 1386 ,

188 1463 257 1513 non
294 1445 346 1511 est
370 1438 557 1511 verisimile
596 1437 740 1509 comicos
778 1443 896 1527 poetas
935 1436 1086 1544 Phaonis
1125 1457 1308 1527 personam
1341 1437 1434 1527 ipsos

154 1577 339 1666 ·finxisse;
378 1573 468 1668 quod
506 1576 535 1657 si
561 1575 731 1664 fecissent,
772 1595 890 1645 eorum
916 1578 1144 1644 commentum
1182 1573 1275 1644 omui
1302 1573 1451 1645 ironica·

188 1713 223 1784 vi
250 1715 392 1800 careret,
419 1730 522 1801 quarn
547 1729 617 1780 non
643 1706 775 1778 tamin
800 1704 974 1796 fingendo,
1002 1726 1105 1796 quam
1130 1707 1168 1777 in
1181 1706 1273 1777 veris
1287 1706 1461 1795 pestrin-.

188 1843 311 1935 gendis
337 1849 440 1934 atque
465 1841 604 1912 satirico
631 1837 702 1910 sale
726 1837 956 1929 perfricandis
983 1845 1142 1911 constare
1173 1860 1271 1910 nemo
1300 1841 1436 1932 estqui

189 1981 322 2053 nesciat
338 1978 409 2070 aa).
436 1977 490 2049 Ita
516 1999 543 2048 e.
572 1999 604 2067 g.
631 1976 884 2066 Aristophanes
910 1975 948 2047 in
974 1975 1163 2067 Equitibus
1202 1975 1436 2066 Paphlagonis

189 2112 328 2184 nomine
352 2133 423 2182 non
447 2107 563 2182 fictam
588 2129 770 2199 personam
796 2106 981 2200 quandam,
1009 2106 1068 2178 sed
1096 2105 1256 2180 Cleonem
1276 2106 1437 2196 demago-

189 2261 283 2330 gum,
310 2239 347 2309 in
373 2236 533 2309 Nubibus
573 2236 760 2328 Socratem,
800 2238 837 2308 in
869 2237 979 2309 Ranis
1017 2234 1219 2327 Euripidem
1257 2238 1436 2312 irridebat.
1526 2245 1529 2251 “

188 2372 239 2444 Et
275 2393 369 2463 sane,
409 2371 546 2453 comicis
585 2372 695 2462 poetis
733 2377 976 2461 argumentum
1015 2369 1108 2444 haud
1152 2370 1438 2446 contemnendum

189 2503 409 2578 offerebatur:
436 2505 569 2594 poetria
595 2507 696 2595 enim,
724 2527 827 2598 quam
853 2506 923 2577 iam

579 2630 591 2642 ”
770 2641 922 2730 „primae
946 2640 1123 2730 lanuginis
1149 2647 1243 2713 aetas

337 2775 481 2847 abstulit
506 2782 610 2867 atque
636 2776 731 2866 anni,
758 2796 842 2866 quos
870 2776 923 2848 vir
948 2797 1065 2848 amare
1089 2781 1221 2867 potest“

186 2906 313 2980 cedens
339 2908 375 2978 vi
400 2906 549 2998 Amoris
577 2929 677 2999 quem
704 2909 780 2998 ipsa
805 2903 1025 3004 ἀμάχανον
1053 2903 1239 3008 ὄρπετον
1267 2909 1439 2983 essefate-

187 3047 249 3114 tur
259 3042 351 3134 aaa),
377 3042 540 3133 Phaonis
555 3043 690 3115 iuvenis
705 3043 852 3115 eximiae
864 3039 1145 3133 pulchritudinis,
1161 3064 1276 3114 amore
1293 3044 1438 3136 capitur,

187 3175 250 3266 qui
277 3196 392 3246 amore
417 3181 536 3248 mutuo
563 3176 593 3247 ei
619 3181 815 3266 respondet.
843 3176 967 3268 iniquo
993 3181 1107 3249 autem
1122 3174 1267 3268 oasutit‚
1293 3183 1333 3249 ut
1346 3177 1440 3249 inve·
1503 3245 1508 3252 .

186 3309 246 3381 nis
273 3309 330 3380 ille
355 3310 466 3383 Lesbo
493 3305 608 3383 insula
645 3318 788 3401 repente
825 3312 947 3384 relicta
984 3312 1022 3383 in
1048 3311 1201 3385 Siciliam
1236 3312 1439 3404 profugerit.

189 3440 302 3514 Cuius
329 3445 510 3533 repentino
523 3464 634 3534 neque
648 3444 789 3535 opinato
815 3443 969 3516 discessu
982 3445 1117 3536 poetria
1130 3445 1334 3534 gravissimo
1350 3467 1441 3517 mae-

300 3769 322 3836 ’)
342 3771 391 3828 «nt
409 3772 515 3839 Lycum
533 3771 623 3840 nigris
643 3773 730 3829 oeulis
748 3773 882 3841 nigroque

514 3877 597 3934 brine
616 3878 769 3936 decorum».

289 3967 326 4034 *”)
343 3968 383 4026 bf.
402 3969 495 4024 Horat.
519 3967 602 4025 Satin.
621 3970 644 4025 1.
663 3969 689 4040 4,
708 3983 752 4026 vv.
774 3972 850 4028 1-5.

275 4057 326 4126 **·)
343 4058 382 4116 bt.
401 4057 473 4126 frag.
493 4059 537 4116 402

401 4147 495 4234 Ἔρος
518 4128 600 4215 dud
613 4166 657 4213 τε
682 4149 714 4234 μ’
738 4151 756 4213 ὀ
779 4151 946 4236 λυσιμέληο
969 4151 1065 4230 ddum,

407 4253 624 4352 γλυκύπικρον
648 4253 812 4342 ἀμάχανον
837 4257 980 4342 ὅρπετον.

188 4365 263 4425 Mihi
282 4365 418 4436 imprimis
436 4364 487 4420 hoc
505 4364 577 4432 frag.
606 4365 641 4420 ud
668 4366 848 4421 maturiorem
875 4368 999 4436 poetriae
1031 4370 1151 4424 aetatem
1178 4367 1354 4424 referendum
1385 4380 1442 4422 esse

189 4454 315 4526 videtur,
339 4467 392 4521 qna
412 4453 513 4509 amoris
532 4454 650 4524 impetui
669 4468 726 4510 sese
745 4455 847 4511 iterum
865 4458 1039 4513 succubuisse
1067 4458 1129 4527 ipsa
1153 4457 1267 4514 fatetur.
1296 4457 1369 4524 Quod
1387 4456 1445 4527 pri·
1520 4473 1526 4479 ··

188 4559 270 4602 mum
289 4559 303 4599 o
322 4525 421 4610 dodra
440 4558 503 4601 voce
523 4544 717 4611 quodammodo
737 4547 861 4612 sequitur
881 4549 944 4610 coll.
963 4549 1058 4604 Horat.
1078 4548 1165 4605 darm.
1185 4549 1230 4619 IV,
1251 4552 1263 4605 1
1284 4549 1331 4604 in:

624 4635 796 4706 Intermissa,
815 4637 914 4709 Venus,
933 4637 981 4693 din

626 4725 645 4777 h
656 4738 772 4778 ursus
791 4725 866 4780 bella
885 4727 990 4781 moves?
1129 4783 1130 4788 ,

189 4815 265 4872 [tum
283 4812 374 4882 ipsum
392 4812 464 4868 illud
482 4811 644 4895 ἀμάχανον
675 4812 818 4882 epitheton
845 4814 1002 4883 significare
1022 4817 1132 4874 videtur
1157 4817 1329 4887 Sapphoncm
1349 4819 1444 4874 contra

189 4903 279 4959 illum
298 4901 431 4972 impetum
449 4902 554 4959 luctari
572 4902 681 4969 quidem
700 4905 780 4975 valle,
810 4919 871 4960 oum
889 4905 976 4972 thaan
1000 4909 1180 4992 yepuarfpuv
1209 4906 1321 4962 minime
1340 4907 1446 4980 {deceat

189 5004 303 5062 amare,
322 4991 446 5047 attamen
464 4991 581 5048 frustra:
600 4991 702 5048 amoris
722 4993 795 5049 enim
814 4994 871 5051 vim
890 5009 947 5051 osse
965 4995 1192 5066 insuperabilem.

1192 5095 1237 5168 ὅθί·
