3736 6012
735 511 934 582 ..1¹1-

205 745 417 819 adverbum
444 744 626 818 edidicisse
663 744 757 817 haud
795 742 1071 834 improbabiliter
1110 743 1246 815 conicit.
1296 743 1456 817 Ceterum

203 887 341 971 praeter
365 883 519 971 poetriae
544 884 698 955 carmina
726 880 889 954 Ovidium
917 883 1108 956 comoedias
1147 904 1289 975 quoque,
1308 882 1457 957 Graeco·
1483 937 1486 944 .

204 1037 282 1087 rum
307 1016 498 1107 inspexisse
535 1023 638 1109 atque
678 1017 759 1089 inde
799 1017 966 1110 quaedam
1011 1018 1263 1109 deprompsisse
1298 1019 1320 1089 l.
1348 1018 1371 1090 1.
1398 1040 1456 1109 pp.

209 1155 287 1242 107,
318 1153 399 1242 100,
429 1155 498 1222 124
525 1153 643 1243 sumit,
671 1151 715 1223 ad
743 1174 847 1244 quam
874 1155 1071 1243 opinionem
1098 1154 1190 1225 infra
1215 1160 1439 1226 revertemur.

300 1286 474 1358 Welckeri
512 1289 669 1378 vestigiis
709 1288 848 1380 quidam
888 1309 1005 1362 eorum
1046 1290 1260 1380 institerunt,
1294 1289 1354 1381 qui
1379 1295 1457 1379 post

203 1445 281 1495 eum
307 1422 450 1496 eandem
479 1423 714 1514 quaestionem
740 1422 950 1514 tractabant,
977 1444 1185 1514 quamquam
1213 1444 1313 1495 nemo
1330 1424 1368 1494 in
1381 1444 1455 1495 eam

201 1579 286 1650 rem,
314 1580 417 1650 quam
456 1558 512 1629 ille
539 1559 652 1630 solum
696 1563 735 1629 ut
761 1560 811 1632 ita
836 1557 949 1631 dicam
988 1558 1219 1651 adumbravit,
1259 1559 1455 1666 accuratius

201 1690 391 1786 inquisivit.
420 1697 572 1787 Quorum
599 1693 700 1767 Neue
726 1693 840 1784 primo
865 1694 938 1766 loco
966 1693 1197 1767 nominandus
1224 1701 1286 1787 est,
1313 1695 1452 1787 quill.

201 1831 338 1920 saepius
364 1830 401 1901 in
433 1827 593 1919 Sapphus
618 1829 691 1900 vita
717 1825 923 1938 delineanda
957 1828 1051 1899 illam
1077 1827 1264 1900 Heroidem
1290 1827 1456 1921 laudavit,

200 1941 407 2058 quamquam
433 1967 502 2038 iam
528 1968 641 2056 prima
666 1965 793 2055 pagina
820 1963 1096 2052 ὑποθετικῶς
1135 1963 1244 2038 addit:
1283 1963 1342 2055 „Si
1369 1963 1454 2038 fides
1485 2055 1489 2062 Ι
1516 1963 1518 1968 ’

201 2099 345 2172 debetur
370 2097 529 2172 Ovidio“.
557 2099 659 2170 Mure
685 2068 830 2191 quoque,
869 2100 927 2190 qui
955 2101 993 2171 in
1018 2098 1107 2171 libro
1133 2100 1192 2189 qui
1230 2099 1452 2173 inscribitur:

205 2233 369 2327 ,History
407 2234 444 2304 01
466 2206 616 2305 Grecian
653 2233 871 2324 literature“,
911 2233 975 2305 vol.
1003 2232 1055 2302 HI
1082 2255 1114 2324 p.
1144 2237 1214 2303 272
1249 2254 1322 2324 sqq.
1357 2234 1454 2333 etin
1532 2257 1540 2268 ·

198 2366 319 2439 Museo
344 2368 513 2440 Rhenano
541 2366 598 2460 (N.
627 2365 660 2440 S.
688 2365 776 2459 XII,
794 2389 824 2438 a.
857 2371 963 2459 1857)
992 2368 1158 2458 poetriam
1199 2367 1303 2438 nimis
1329 2386 1450 2439 severa

200 2523 345 2574 censura
383 2503 599 2594 perstrinxit,
638 2503 829 2574 invectivas
866 2524 946 2574 suas
984 2503 1200 2593 argumentis
1239 2502 1283 2574 ab
1325 2501 1452 2576 Ouidio

201 2602 320 2725 petitis
346 2634 564 2706 sustentabat
580 2635 627 2727 11.
1301 2720 1304 2730 ¹

280 2767 464 2839 'Attamen
490 2768 515 2838 ii
541 2789 685 2859 quoque,
708 2768 768 2859 qui
794 2768 978 2858 epistulam
1017 2769 1172 2858 spuriam
1198 2789 1272 2839 esse
1307 2788 1452 2859 persua·
1556 2745 1561 2758 ¹

199 2924 275 2976 sum
301 2901 441 2994 habent,
469 2908 643 2973 auctorem
669 2903 743 2972 eius
770 2902 936 2974 nonnulla
961 2924 1003 2974 ex
1017 2904 1103 2992 ipsis
1130 2900 1290 2993 Sapphus
1325 2904 1453 2975 carmi-

198 3036 301 3109 nibus
327 3042 524 3109 mutuatum
551 3057 624 3108 esse
651 3036 851 3128 concedunt,
879 3043 918 3109 ut
944 3037 1053 3128 Kock,
1080 3038 1140 3129 qui
1153 3037 1290 3108 etiamsi
1307 3039 1346 3110 in
1358 3037 1449 3110 libro

198 3172 331 3265 11011)
358 3193 433 3243 eam
458 3170 634 3243 sordidam
660 3178 694 3243 et
719 3171 888 3262 plebeiam
914 3172 1074 3263 appellat,
1117 3178 1233 3244 tamen
1258 3170 1341 3243 ibid.
1389 3172 1453 3245 hoc

197 3307 297 3381 modo
322 3310 562 3382 ratiocinatur:
595 3305 698 3398 ,Wao
725 3308 823 3380 sollte
862 3308 929 3382 den
955 3293 1136 3380 Verfasser
1173 3307 1362 3399 gehindert
1388 3310 1450 3380 ha-

197 3443 322 3515 ben...
351 3442 487 3515 eineM
500 3465 556 3515 en
569 3463 624 3532 ge
649 3464 741 3514 von
767 3443 797 3514 Z
809 3452 833 3514 11
846 3464 937 3532 gen
976 3465 1021 3514 zu
1047 3442 1231 3534 benutzen,
1267 3442 1451 3515 dieihrer-

197 3576 660 3651 seitswirklichden
687 3575 1451 3670 GedichtenderSapphoent-

195 3711 342 3783 lehnt
367 3711 549 3784 waren?
574 3711 678 3783 Denn
704 3711 784 3783 dass
811 3711 926 3800 solche
950 3711 989 3782 in
1015 3710 1076 3783 der
1102 3712 1248 3804 Epistol,
1277 3733 1345 3784 von
1365 3733 1450 3784 wem

196 3847 393 3919 immersio
419 3847 615 3919 herrbhren
642 3869 732 3938 mag,
759 3847 939 3920 enthalten
965 3848 1060 3940 sind,
1103 3849 1150 3920 ist
1175 3848 1275 3920 nicht
1316 3871 1361 3919 zu
1392 3848 1451 3921 be-

193 4157 286 4226 Ipsam
306 4171 370 4214 vero
391 4158 535 4214 Heroidem
554 4159 627 4214 idem
655 4160 756 4214 famo
770 4174 848 4215 sum
877 4174 1034 4215 carmen
1062 4158 1213 4226 (Pasquill)
1230 4156 1390 4227 appellavit
1411 4156 1447 4229 (v.

193 4246 315 4319 ibidem),
335 4248 442 4314 quoda
463 4249 649 4306 lascivissimo
669 4251 855 4305 Romanorum
885 4250 1031 4316 poctarum
1061 4246 1157 4304 Ouidio
1177 4247 1271 4317 prima
1300 4247 1450 4304 iuventute

193 4350 257 4390 cnm
275 4339 399 4404 poetriae
421 4337 543 4393 infamia
562 4338 669 4394 editum
689 4341 768 4395 essct.
1023 4397 1027 4404 ,

302 4424 325 4492 *l
342 4427 453 4494 Appono
471 4427 531 4482 cius
550 4428 636 4483 uerba
655 4428 731 4494 (llus.
752 4427 837 4484 Ithen.
867 4428 886 4482 l.
908 4428 926 4482 1.
947 4428 1016 4493 tabl:
1048 4425 1178 4483 «Ouid...
1197 4427 1237 4480 in
1262 4425 1347 4480 1111
1366 4439 1449 4493 pos·

197 4513 653 4582 sessionosheruorks,
674 4517 745 4571 and
766 4516 1144 4584 ofallsubsidiary
1165 4515 1449 4571 aidstotheir

197 4603 576 4686 interpretation...
596 4609 660 4662 tuas
687 4605 851 4674 singular-ly
871 4606 1004 4674 qualifiod
1036 4607 1064 4661 to
1082 4605 1177 4674 J'udgc.
1190 4649 1196 4662 .
1208 4628 1230 4662 .»
1262 4604 1296 4660 ut
1315 4619 1400 4673 porro
1419 4620 1445 4673 p.

200 4694 261 4752 592:
282 4693 1219 4752 «ruerecunoencdoubttharoviuslettortorlaon
1240 4697 1449 4752 mentions

199 4797 317 4852 every
355 4799 456 4840 more
486 4785 714 4853 promInont
742 4785 830 4840 fact
859 4785 897 4840 of
923 4785 1448 4842 hcrlifetransmittedon

175 4862 269 4928 'lrer
294 4874 638 4943 ounauthority».

307 4961 342 5032 ”l
365 4963 486 5023 «Allitas
504 4980 531 5022 u.
552 4964 676 5034 sappho»
698 4962 812 5037 (Berlin,
835 4968 957 5037 180211.
978 4968 1010 5024 08
1034 4982 1072 5037 sq.
