3736 6012
989 475 1188 577 sspg..

464 733 556 812 infra
581 739 711 831 aliquot
749 737 904 829 exempla
940 737 1099 811 aBirtio
1137 737 1362 829 comparandi
1401 760 1504 812 causa
1533 747 1712 832 protracto

464 869 615 962 afferam,
642 892 709 964 quo
735 873 845 960 magis
870 872 1022 963 perspici
1047 873 1157 963 possit
1182 873 1330 946 Romani
1356 879 1477 964 poetae
1501 874 1609 947 verba
1632 896 1712 966 pro-

463 1007 543 1097 pius
580 1005 625 1078 ad
644 1004 838 1097 'Sapphica
875 1029 979 1099 quam
1018 1006 1062 1079 ad
1107 1006 1347 1080 Alexandrina
1384 1008 1579 1100 fragmenta
1615 1031 1713 1083 acce

464 1138 546 1212 dere
562 1139 609 1229 *).

560 1271 651 1345 Sane
676 1270 873 1345 mirandum
912 1279 965 1346 est
991 1273 1153 1366 cuiquam
1190 1276 1228 1346 in
1255 1281 1404 1348 mentem
1428 1278 1576 1370 venisse,
1607 1279 1710 1351 utin

463 1405 715 1498 callimachus,
755 1427 826 1479 non
850 1411 966 1479 autem
1005 1409 1043 1479 in
1076 1405 1262 1498 Sapphicis
1299 1408 1505 1500 primarium
1542 1411 1712 1501 epistulae

461 1541 590 1616 fontem
616 1529 807 1635 quaereret:
839 1544 869 1615 si
896 1545 989 1616 enim
1004 1543 1151 1619 Ovidius
1177 1543 1418 1636 Sapphus
1443 1567 1710 1637 personam

463 1677 714 1750 inducere
763 1685 917 1771 atque
966 1681 1078 1752 eius
1116 1673 1257 1771 ἦθος
1305 1684 1709 1756 accuratissime

462 1812 767 1886 describere
792 1813 938 1908 volebat,
965 1814 1054 1887 nihil
1080 1818 1279 1906 perversius
1303 1816 1452 1910 fecisset,
1480 1840 1583 1911 quam
1609 1821 1640 1891 si
1664 1817 1709 1891 ad

461 1946 777 2022 Alexandrinorum
815 1954 995 2040 poetarum
1033 1948 1206 2042 quendam
1245 1950 1467 2045 confugisset,
1505 1955 1711 2042 praesertim

463 2103 542 2155 cum
567 2088 602 2155 et
627 2084 737 2174 ipsius
763 2081 924 2175 Sapphus
966 2085 1122 2156 carmina
1161 2091 1237 2157 tum
1274 2091 1413 2176 praesto
1452 2093 1569 2159 essent
1606 2093 1641 2160 et
1664 2088 1709 2160 ab
1825 2114 1829 2128 ·

461 2220 536 2310 ipso
561 2227 664 2311 poeta
688 2241 792 2312 quam
820 2218 1086 2310 diligentissime
1112 2191 1359 2317 ediscerentur,¹
1385 2223 1477 2317 quod
1494 2225 1571 2298 luce
1585 2224 1711 2297 clarius

352 2395 354 2400 ,
461 2355 558 2428 Rem.
586 2356 705 2428 Amor.
731 2378 764 2427 r.
794 2359 861 2428 761
890 2357 966 2447 ipse
990 2362 1149 2449 testatur,
1177 2379 1255 2430 cum
1282 2357 1377 2430 dicit:

484 2485 608 2583 '„Me
634 2500 780 2566 certo
805 2492 1004 2584 Sappho
1031 2494 1291 2567 meliorem
1326 2496 1706 2569 secitamicae“.

559 2626 682 2719 ltaque
708 2627 763 2698 his
788 2628 988 2717 praemissis
1014 2629 1082 2700 iam
1108 2627 1152 2701 ad
1179 2628 1214 2700 id
1240 2629 1331 2721 quod
1356 2631 1578 2721 promisimus
1617 2651 1714 2702 acce·

461 2762 593 2835 damus.
1560 2855 1563 2860 Ι

561 2895 735 2969 ovidiana
760 2894 921 2987 Sapphus
947 2897 1098 2988 epistula
1125 2918 1202 2969 cum
1228 2919 1332 2989 opere
1374 2899 1508 2972 musivo
1536 2897 1713 2972 commode

466 3033 658 3121 comparari
684 3034 806 3124 potest,
833 3031 872 3102 in
897 3052 964 3123 quo
989 3052 1205 3121 gemmarum
1230 3033 1304 3104 vice
1330 3053 1390 3104 eae
1415 3034 1607 3105 sententiae
1631 3033 1712 3105 fun-

461 3170 605 3255 guntur,
632 3184 717 3257 quas
742 3170 843 3255 poeta
869 3166 1046 3239 Romanus
1073 3188 1114 3238 ex
1140 3164 1302 3257 Sapphus
1317 3141 1530 3239 carminibus
1550 3169 1589 3242 in
1611 3188 1712 3239 suam

462 3297 655 3370 Heroidem
674 3298 865 3388 transtulit,
893 3311 1049 3391 quarum·
1065 3298 1245 3389 amplexus
1282 3306 1317 3372 et
1341 3299 1451 3372 forma
1483 3300 1607 3372 variat.
1634 3298 1713 3370 Pri-

462 3452 557 3503 mum
582 3430 674 3503 enim
700 3432 764 3503 toti
790 3452 911 3504 versus
937 3433 1176 3524 inveniuntur,
1216 3452 1286 3505 non
1326 3431 1465 3525 quidem
1500 3432 1543 3504 ad
1569 3432 1716 3505 verbum

461 3588 480 3638 e
506 3565 639 3640 Graeca
663 3565 785 3656 lingua
810 3568 848 3640 in
874 3567 1019 3658 latinam
1045 3569 1214 3661 conversi,
1241 3567 1302 3640 sed
1327 3574 1400 3641 tam
1426 3568 1556 3641 similas
1575 3575 1715 3642 senten-

462 3703 530 3775 tias
556 3702 797 3798 exprimentes,
835 3694 875 3775 ut
909 3704 947 3776 in
988 3705 1032 3776 iis
1071 3703 1165 3778 haud
1204 3703 1328 3777 dubios
1353 3706 1505 3795 poetriae
1530 3704 1716 3778 verborum

463 3835 631 3926 imagines
657 3836 869 3926 reperiamus
886 3837 959 3931 aa).-

470 4070 892 4078 ——m—-o-——ffl

569 4209 592 4280 ¹)
609 4209 724 4267 hhuald
752 4225 858 4282 quoque
887 4211 905 4267 l.
931 4211 949 4266 l.
980 4226 1004 4278 p.
1026 4213 1077 4268 222
1106 4210 1137 4266 de
1157 4209 1435 4266 Alexandrino
1466 4209 1549 4266 huius
1577 4211 1716 4280 epistulae

462 4299 541 4356 fonte
560 4300 697 4366 loquitur.
1292 4336 1295 4343 ,

559 4387 594 4461 ”l
615 4389 712 4444 lladem
732 4388 914 4444 convertendi
934 4389 978 4443 vel
999 4387 1092 4455 potius
1112 4385 1252 4442 imitando
1271 4387 1446 4456 exprimendi
1466 4387 1541 4443 ratio
1562 4388 1634 4443 aliar
1646 4403 1715 4455 quo·

463 4493 514 4547 que
533 4477 608 4546 apud
636 4476 764 4532 Ovidium
792 4474 1019 4544 deprehenditur,
1051 4472 1132 4528 cuius
1161 4473 1260 4529 saltem
1290 4473 1344 4528 duo
1363 4473 1490 4542 exemplo
1517 4473 1564 4528 hie
1590 4473 1715 4533 afferam.

463 4567 557 4635 llurip.
578 4565 644 4622 lled.
665 4580 693 4620 v.
713 4566 765 4622 395
784 4574 852 4630 squ:

888 4649 933 4736 μὰ
957 4649 1014 4734 τὴν
1037 4653 1216 4734 δέσποιναν,
1241 4642 1279 4732 ἢν
1303 4643 1359 4735 ἐγώ
1379 4651 1456 4738 σέβω

755 4761 904 4842 ’μάλιστα
927 4759 1052 4824 πάντων
1075 4755 1128 4822 καὶ
1151 4760 1362 4843 ξυνεργὸν
1385 4753 1523 4843 εἱλόμην,

764 4865 964 4952 Ἐκάτην
