3784 6014
694 445 915 589 lon..

208 675 210 679 Α
792 590 854 692 “a

19 599 27 844 ι
278 700 352 788 lam
365 714 515 788 alterum
540 711 729 786 videamus.
756 715 924 788 Homines
950 714 1053 806 docti,
1079 714 1139 806 qui
1152 713 1321 804 poetriam
1346 709 1430 781 Les«

182 849 236 922 bio
263 849 402 923 crimini
429 848 612 922 obnoxiam
638 848 745 921 luisse
759 847 956 940 credebant,
983 847 1117 920 duobus
1139 846 1243 930 huius
1270 843 1431 917 Heroidis

137 1053 140 1060 ,
179 981 263 1054 locis
289 988 464 1073 tamquam
484 970 692 1061 *firmissimo
718 990 923 1073 argumento
949 981 995 1055 ad
1008 981 1205 1074 opinionem
1231 1001 1329 1052 suam
1356 999 1431 1050 sus-

181 1115 389 1190 tentandam
408 1114 606 1200 utebantur.
634 1117 688 1200 lta
701 1122 782 1189 ante
807 1114 1028 1188 Welckerum
1043 1100 1125 1188 ⁴iere
1151 1135 1268 1187 omnes
1292 1120 1433 1206 excepto

181 1249 317 1342 quidem
356 1224 513 1340 Heinsio,
552 1251 612 1341 qui
652 1251 722 1322 iam
761 1254 842 1322 ante
868 1250 930 1322 hos
950 1255 1096 1321 centum
1127 1261 1238 1322 annos
1265 1246 1429 1320 Ovidium

181 1385 345 1484 incusans
370 1382 524 1474 poetriae
550 1388 589 1454 ut
613 1389 750 1475 poterat
774 1385 1012 1474 patrocinatus
1039 1383 1135 1474 est*);
1165 1384 1215 1455 ita
1235 1389 1313 1474 post
1338 1380 1433 1454 Wel·

182 1519 275 1592 cheri
314 1517 475 1609 Sapphus
501 1517 696 1618 apologiam
722 1513 892 1609 Murerrp.
919 1518 1087 1591 Attamen
1112 1540 1153 1590 ex
1179 1517 1225 1589 iis
1253 1517 1337 1608 ipsis
1363 1517 1434 1607 epi-

181 1654 290 1726 stulae
315 1652 411 1744 locis,
437 1653 497 1745 qui
524 1650 593 1723 huc
606 1653 728 1724 referri
754 1655 900 1744 possint,
927 1658 1024 1725 recte
1037 1651 1222 1725 intellectis
1247 1658 1352 1744 atque
1378 1673 1435 1722 ex·
1520 1743 1523 1747 Ι
1552 1727 1553 1732 ,

181 1788 316 1881 plicatis
342 1789 511 1880 poetriam
537 1791 575 1862 in
589 1790 656 1862 hac
681 1789 803 1861 saltem
829 1788 977 1879 epistula
1002 1809 1073 1861 non
1097 1788 1207 1860 solum
1233 1810 1254 1861 a
1279 1789 1436 1860 Romano

181 1928 281 2014 poeta
306 1919 377 1995 non
401 1943 578 2013 aspersam
605 1943 680 1993 esse
705 1923 860 2014 infamia,
888 1920 948 1994 sed
963 1921 1198 1994 innocentiam
1224 1921 1298 1991 eius
1318 1924 1436 2011 aperte

181 2057 370 2131 indicatam
396 2080 470 2130 osse
496 2057 653 2130 concludi
680 2063 804 2148 potest.
832 2055 930 2149 Quod
958 2079 1035 2128 cum
1061 2058 1130 2128 iam
1168 2062 1249 2128 ante
1276 2055 1338 2126 hos
1364 2060 1436 2126 tres

181 2210 292 2274 annos
317 2213 339 2262 a
363 2190 506 2262 Vriesio
531 2190 552 2261 1.
583 2190 605 2261 1.
623 2211 679 2280 pp.
708 2195 755 2260 44
782 2192 929 2281 sq.,109
957 2190 1094 2279 egregie
1121 2187 1307 2260 enodatum
1333 2193 1457 2280 esset,

182 2346 252 2396 non
292 2330 366 2395 erat
404 2323 640 2415 repetendum,
679 2324 748 2395 nisi
785 2345 896 2414 nuper
930 2322 1077 2395 Ehwald
1113 2321 1137 2394 l.
1164 2322 1186 2393 l.
1213 2343 1246 2413 p.
1277 2326 1345 2395 222
1374 2322 1434 2394 illa

183 2459 369 2531 Vriesiana
394 2458 623 2548 explicatione
648 2456 847 2548 posthabita
884 2457 1048 2543 lectiones
1074 2477 1095 2528 a
1119 2455 1333 2529 Baehrensio
1358 2477 1437 2548 pro-

184 2590 286 2664 batas
312 2590 490 2681 amplexus
518 2598 617 2663 esset.
645 2589 771 2662 Poetae
794 2599 876 2661 vero
902 2591 1075 2663 sententia
1107 2595 1180 2661 tum
1206 2591 1335 2681 optime
1359 2610 1438 2680 per-

186 2726 276 2816 spici
315 2725 454 2816 poterit,
481 2694 792 2815 siagraecis
830 2723 1010 2795 verbis
1037 2720 1438 2815 Sapphusvitae

185 2857 229 2932 ab
256 2856 496 2930 Alexandrino
534 2856 682 2950 quodam
724 2856 863 2929 homine
894 2849 1047 2929 litterato
1074 2857 1302 2929 concinnatae
1327 2854 1440 2928 ordie-

184 3012 273 3084 mur,
301 3013 369 3083 qua
408 2997 442 3062 ot
479 2988 644 3063 Ovidium
683 2993 717 3061 et
742 2989 903 3062 Suidam.
924 3010 1003 3062 usos
1030 3010 1106 3061 esse
1143 3008 1249 3080 supra
1276 2987 1437 3061 vidimus

183 3124 312 3199 Suidas
347 3127 439 3197 enim
478 3146 504 3197 s.
531 3148 564 3197 v.
591 3120 757 3220 Σαπφώ
791 3125 905 3198 tribus
932 3145 951 3195 e
975 3124 1131 3214 poetriae
1155 3123 1343 3196 amicarum
1370 3144 1440 3194 nu·
1558 3119 1561 3124 ’

186 3280 280 3334 mero
295 3261 483 3334 nominatis
497 3261 583 3334 haec
596 3261 704 3334 addit:
720 3260 829 3367 πρός
855 3249 901 3350 ἅς
923 3259 987 3332 καὶ
1001 3248 1053 3332 dc
1068 3281 1093 3330 α
1101 3263 1133 3348 β
1148 3280 1170 3328 o
1184 3255 1211 3328 λ
1224 3280 1246 3350 η
1263 3280 1281 3327 ν
1308 3254 1408 3354 ἔσχ
1422 3279 1438 3329 ε

187 3390 366 3495 αἰσχρᾶς
405 3387 562 3494 φιλίας.
591 3395 708 3468 Verba
745 3400 860 3468 autem
885 3381 1081 3484 διαβολήν
1108 3387 1201 3489 ἔσχε
1227 3391 1317 3464 nihil
1343 3389 1441 3463 aliud

185 3727 268 3782 einen
285 3740 373 3805 neuen
392 3726 595 3798 deciscis...
624 3727 687 3792 dass
715 3727 759 3782 die
787 3726 992 3795 geschildarten
1020 3726 1270 3794 situationen-(de
1296 3709 1443 3784 Amoribus¹

185 3814 529 3892 loquitur)-nud‚gerade
557 3816 601 3871 die
620 3816 681 3871 dem
699 3815 812 3872 Dichter
840 3831 885 3872 am
902 3816 1018 3872 meiston
1044 3832 1105 3874 zum
1124 3816 1253 3873 Voruurd
1280 3815 1443 3884 gamachten
1489 3871 1491 3878 ,

184 3905 429 3964 zumeist-nichts
448 3906 793 3963 ueiteralslitterarische
813 3921 850 3961 an
867 3905 1040 3964 vorhandene
1051 3908 1196 3964 Vorbildor
1212 3907 1271 3962 sich
1291 3907 1443 3963 ansohlies·

186 3999 268 4054 sende
287 3998 343 4052 und
363 4013 415 4054 von
433 3998 559 4053 Anderen
588 3998 750 4054 behandelto
779 3997 879 4055 hlotivo
909 3997 1095 4054 ausfdhrenda
1124 3998 1265 4053 l'ictioneu
1283 3996 1353 4067 sind,
1379 3995 1443 4052 dass

187 4089 247 4145 also
266 4087 310 4142 die
328 4086 530 4155 lersioherung
550 4087 638 4143 Ovids:
668 4088 727 4144 vita
746 4087 903 4144 verecunda
932 4089 981 4158 est,
1001 4088 1076 4144 llusa
1104 4088 1194 4142 iocosa
1215 4101 1276 4142 mea
1303 4085 1395 4152 (lrist.
1415 4088 1443 4144 II

188 4177 252 4244 354)
269 4175 356 4232 durch
375 4176 449 4231 diese
468 4175 598 4231 dedichte
617 4176 782 4244 uonigstens
801 4176 880 4231 nicht
898 4176 1043 4244 uidarlegt
1062 4174 1239 4233 unda—lta
1255 4175 1327 4254 idem
1345 4175 1444 4230 Kaibel

187 4268 279 4325 Amor.
299 4267 320 4338 l,
341 4269 366 4336 5,
388 4269 418 4322 11
439 4279 494 4333 sqq.
516 4280 547 4320 ox
566 4266 722 4322 Philodamo
741 4266 861 4334 (Anthol.
885 4269 943 4323 Pal.
963 4267 984 4321 V
1005 4267 1065 4333 132)
1083 4265 1216 4321 imitando
1237 4280 1366 4335 expressa
1385 4279 1443 4320 esse

188 4356 429 4422 docuit-duibus
448 4371 480 4410 ea
499 4370 603 4422 quoque
632 4356 697 4411 addi
725 4360 846 4426 possunt,
874 4370 942 4423 quae
971 4356 1052 4425 poeta
1081 4356 1113 4410 de
1134 4355 1329 4412 concumbendi
1357 4355 1444 4411 variis

189 4445 278 4502 modis
294 4445 323 4501 A.
343 4445 372 4500 A.
392 4446 433 4502 Ill
453 4446 502 4501 771
524 4459 579 4512 sqq.
598 4447 671 4512 (coll.
681 4445 748 4502 ibid.
759 4447 786 4501 II
797 4447 848 4502 679
862 4448 910 4512 sq.)
929 4445 1015 4515 docet,
1034 4459 1103 4511 quae
1122 4459 1155 4500 er
1182 4444 1444 4501 Philaenidis

189 4537 242 4592 illo
261 4535 365 4591 famoso
392 4534 473 4605 libro,
502 4535 550 4601 qui
581 4534 652 4619 περὶ
677 4536 845 4620 σχημάτων
870 4541 1126 4599 συνουσιαστικᾱν
1147 4534 1364 4605 inscribebatur,
1384 4533 1449 4592 dvi·-

190 4625 268 4680 dium
286 4625 442 4679 mutuatum
461 4639 517 4679 esse
536 4623 721 4693 probabiliter
749 4639 854 4680 meeum
883 4626 1005 4680 conicere
1034 4624 1146 4693 poteris.
1175 4624 1212 4678 lie
1236 4637 1288 4689 quo
1316 4621 1389 4678 libro
1409 4621 1443 4681 ci.

191 4713 328 4770 Welcker.
349 4715 407 4770 11.
427 4730 453 4784 p.
475 4716 508 4771 87
529 4729 592 4771 ann.
613 4717 674 4771 coll.
695 4715 792 4782 Bergk.
812 4714 847 4769 ad
865 4713 1039 4770 Aeschrionis
1058 4713 1191 4780 iambogr.
1211 4713 1283 4780 frag.
1304 4715 1329 4768 8.

304 4801 326 4868 *1
346 4803 374 4860 1.
395 4803 605 4861 walcherii.
627 4820 654 4874 p.
676 4806 734 4862 143.

289 4891 326 4962 **)
344 4893 373 4948 1.
394 4893 489 4948 Rhein.
510 4893 574 4949 llus.
596 4893 626 4949 ll.
647 4894 742 4949 r.·xl1
760 4896 795 4960 (a.
818 4893 895 4958 18571
917 4908 961 4962 pp.
982 4893 1032 4950 587
1054 4893 1116 4950 adn.
1137 4895 1178 4966 12,
1197 4893 1257 4952 589.
