3736 6012
972 523 1170 594 ..12-

449 752 638 824 zweileln“.
667 751 760 825 Idem
775 755 980 850 Bernhardy
1000 778 1133 850 quoque
1160 756 1325 848 coneedit,
1353 778 1559 849 quamquam
1585 758 1699 846 ipsam

448 886 632 970 Heroidem
671 889 772 959 nihili
811 890 909 978 laoit3'
946 914 988 963 en
1009 867 1102 964 'eius
1127 892 1307 984 ,verba*):
1364 891 1449 980 „Die
1494 890 1700 962 funlzehnte

449 1021 600 1094 Heroide
624 1023 680 1094 bei
706 1021 857 1096 Ouid...
885 1027 1053 1099 bietet
1091 1026 1348 1098 auchalte
1375 1022 1702 1098 Notizenund
1741 1037 1743 1043 '

449 1153 608 1227 Welolrer
634 1157 695 1228 hat
720 1158 777 1228 ihr
802 1160 924 1232 immor
939 1160 1134 1232 Vertrauen
1161 1161 1363 1252 geschenlrt3
1390 1158 1450 1231 das
1477 1158 1626 1232 Gedioht
1651 1159 1702 1230 ist

449 1286 531 1358 aber
556 1311 612 1359 zu
638 1296 757 1380 spiit
783 1291 879 1363 und
905 1280 1282 1382 nittelnassig
1315 1315 1374 1364 um
1400 1294 1436 1363 in
1463 1291 1627 1363 Betraeht
1652 1313 1701 1360 zu

448 1419 644 1495 kommen“.

547 1555 641 1627 Haeo
667 1563 775 1646 erant,
809 1579 895 1649 quae
932 1557 1031 1629 nobis
1071 1555 1324 1647 praemittenda
1372 1577 1445 1627 esse
1483 1555 1701 1644 viderentur3

450 1691 617 1781 equibus
643 1693 742 1764 facile
783 1693 937 1782 intellegi
979 1698 1093 1783 potest
1128 1691 1281 1764 laborem
1319 1690 1465 1763 anobis
1506 1711 1579 1780 pro
1604 1690 1703 1764 virill

450 1831 548 1914 parte
586 1833 782 1917 susceptum
822 1827 915 1898 haud
958 1847 1252 1917 supervacaneum
1291 1827 1373 1914 iore,
1414 1847 1491 1896 cum
1530 1826 1566 1895 in
1601 1830 1704 1896 tanta

451 1960 653 2049 opinionum
692 1962 859 2033 varietate
898 1969 932 2032 et
970 1933 1131 2032 ueterum¹
1166 1959 1208 2031 de
1246 1961 1380 2051 poetria
1423 1959 1703 2030 testimoniorum

450 2095 567 2184 inopia
592 2101 627 2166 et
651 2095 875 2167 fluctuatione
902 2094 1069 2187 quaedam
1110 2117 1130 2166 a
1157 2094 1257 2166 nobis
1283 2101 1419 2184 reperta
1457 2114 1530 2168 esse
1556 2115 1703 2184 persua·

451 2249 526 2298 sum
567 2228 764 2321 habeamus
807 2252 893 2320 quae
932 2230 970 2301 in
1006 2229 1207 2320 quaestione
1248 2235 1299 2300 tot
1324 2228 1522 2300 nominibus
1564 2225 1703 2299 difficili

449 2370 551 2453 atque
578 2369 733 2435 contorta
759 2364 889 2456 aliquid
916 2343 1005 2436 lucis
1028 2365 1151 2437 afferre
1177 2363 1371 2435 videantur.

1843 3309 1844 3378 l

1843 3381 1844 3426 l

563 4943 586 5022 *l
603 4943 635 5012 ln
656 4943 730 4998 libro
754 4938 922 5007 «Grundriss
942 4938 990 4993 (lor
1009 4937 1112 5007 grieoh.
1133 4938 1279 4997 litaretur
1298 4939 1348 5004 (ed.
1370 4941 1394 5009 3)
1415 4939 1451 5006 ll,
1474 4942 1496 5005 1,
1518 4955 1542 5017 p.
1564 4939 1626 5004 675,
