3736 6012
981 512 1176 584 ..26-

598 727 787 808 Lesbides.
805 792 812 808 .

658 863 816 942 Desinite
842 871 886 945 ad
912 875 1066 948 citharas
1088 876 1192 949 turba
1216 877 1336 984 venire
1361 895 1464 948 meas.

949 999 1052 1084 Τάδε
1079 1010 1151 1084 νῦν
1177 1004 1365 1108 ἑταίραις

666 1141 762 1223 ταῖς
788 1135 932 1236 ἔμαισι
959 1138 1123 1242 τέρπνα
1150 1141 1284 1230 κάλως
1311 1141 1444 1218 dalea).

1018 1413 1129 1487 XVII.

428 1645 432 1654 .
549 1591 662 1670 Simili
688 1603 787 1678 mode
813 1607 991 1683 Romanus
1015 1616 1118 1701 poeta
1142 1611 1330 1700 imaginem
1342 1606 1537 1700 Sapphicae
1549 1607 1702 1697 descrip-

451 1727 539 1800 ticni
565 1751 606 1802 ex
632 1734 742 1810 altera
780 1748 880 1830 parte
917 1743 1183 1834 respondentem
1220 1767 1275 1816 vv.
1318 1745 1508 1814 109-112
1545 1740 1703 1833 depingit

451 1859 524 1933 fere
550 1865 679 1940 eisdem
703 1871 819 1946 verbis
845 1874 890 1947 ad
918 1875 1168 1967 designandam
1208 1877 1445 1968 Sapphus
1483 1897 1569 1967 pro
1585 1883 1703 1967 pter

429 1995 681 2076 ¹Phaonis
706 2006 876 2100 fugam
902 2015 1224 2086 maestitiam
1250 2033 1345 2106 usus,
1375 2011 1501 2105 quibus
1526 2011 1586 2084 illa
1610 2011 1699 2100 frag.

453 2136 1281 2251 2vv.77-12vimam0risprimum
1320 2130 1703 2239 visaepuellae

452 2264 649 2344 delineavit.

553 2401 666 2480 Cum
691 2413 813 2484 mihi
839 2417 1045 2509 nescioquis
1071 2415 1294 2507 ‘fugiunt
1318 2413 1702 2506 tuagaudia'dixit,

601 2540 675 2614 Nec
700 2566 756 2616 me
781 2545 864 2620 flere
889 2548 960 2642 diu,
987 2572 1077 2624 nec
1102 2554 1346 2642 potuisse
1370 2541 1522 2643 lequi.

552 2673 600 2747 Et
623 2675 788 2753 lacrimae
813 2681 1031 2758 deerant
1056 2686 1162 2759 oculis
1189 2695 1224 2760 et
1248 2687 1431 2776 lingua
1452 2687 1487 2779 *)
1515 2686 1704 2776 palato,

478 2833 481 2840 ⁴
600 2810 1702 2911 Adstrictumgelidofrigerepectuserat.

601 2941 666 3034 aig
691 2947 778 3059 γάρ
805 2941 1221 3051 εὕιδονβροχέως
1249 2961 1315 3046 σε,
1341 2939 1531 3050 petuas

700 3074 1155 3163 oalds'udr‘el‘xse·

603 3199 751 3289 α’λλοί
777 3236 887 3314 καμ
915 3215 1018 3315 μὲν
1057 3211 1293 3335 γλῶσσα
1325 3220 1548 3330 ἐάγε**),
1574 3209 1703 3293 λέπ·

1509 3309 1707 3410 ,rovd'

603 3437 762 3524 ndreae
787 3454 908 3548 χρώ
934 3456 1060 3558 πῦρ
1087 3445 1592 3550 ’ν’παδεδρόαακεν,

455 3653 914 3672 -...-...-.-.--

563 3778 586 3847 *t
603 3781 640 3837 llx
659 3780 771 3836 Graecis
794 3804 876 3863 «καμ
899 3781 957 3862 μὲν
981 3785 1162 3866 γλῶσσα
1185 3783 1269 3865 ἔαγε,
1298 3781 1424 3839 concludi
1442 3782 1534 3850 petest
1560 3780 1706 3838 lectionem

456 3871 599 3938 lingua
618 3871 721 3942 palate,
740 3884 809 3937 quae
827 3871 965 3940 imprimis
984 3872 1059 3945 cpdd.
1078 3871 1207 3929 uniuersi
1227 3873 1254 3926 et
1272 3871 1420 3928 llarleiane
1440 3871 1564 3943 fulcitur,
1584 3871 1706 3926 retinen·

455 3959 518 4016 dam
539 3974 604 4031 esse,
624 3961 793 4027 alteramque
822 3961 902 4018 illem
922 3961 978 4019 eod.
997 3961 1275 4031 l1ancelurtanipro
1295 3961 1391 4030 lingua
1410 3962 1530 4017 verta
1549 3960 1706 4016 exhibentis

455 4049 551 4105 doctae
570 4050 734 4106 correctioni
753 4051 855 4108 deberi.
884 4053 1013 4107 Attamen
1040 4053 1068 4106 et
1086 4051 1164 4107 Vries
1192 4052 1220 4106 et
1248 4050 1410 4119 Sedlmayer
1437 4051 1509 4106 hane
1537 4051 1705 4119 scripturam

455 4138 500 4194 illi
519 4141 721 4212 praetutiana
740 4141 799 4196 iure
819 4141 942 4197 defendit
960 4140 1073 4198 llhwald
1093 4143 1111 4197 l.
1131 4143 1151 4198 l.
1172 4155 1196 4209 p.
1209 4142 1259 4198 220
1279 4154 1342 4197 ann.
1355 4143 1378 4212 1,
1398 4142 1448 4196 ccl.
1469 4141 1551 4196 laist.
1565 4141 1615 4210 ΙΙΙ,
1625 4141 1650 4211 3,
1661 4143 1703 4197 21.

548 4226 585 4294 ”l
603 4229 641 4285 Εἰ
660 4230 752 4285 verbis
775 4228 891 4313 «φώνας
913 4229 1011 4294 οὐδὲν
1035 4232 1076 4294 i'c'
1098 4227 1184 4306 slusa,
1208 4227 1295 4292 ἄλλά
1318 4251 1381 4310 καμ
1395 4231 1453 4311 μέν
1465 4230 1587 4313 platona
1603 4230 1703 4310 ἔαγει,

455 4329 523 4382 quae
542 4315 707 4372 delitescunt
725 4317 756 4372 in
773 4319 872 4375 latinis
902 4333 959 4374 «me
987 4333 1036 4374 nec
1063 4319 1184 4388 petuisse
1212 4319 1322 4386 loqui..
1352 4318 1449 4374 deerat
1476 4318 1572 4386 lingua
1591 4319 1702 4387 palate·

456 4405 581 4460 concludi
608 4407 699 4475 petest
726 4408 870 4480 pustulam,
899 4409 923 4462 si
950 4408 1005 4463 sibi
1032 4409 1157 4464 constare
1178 4409 1317 4478 voluisset,
1354 4410 1410 4471 τόν
1436 4407 1568 4490 Ἔρωτα
1591 4407 1705 4464 minime

454 4494 662 4574 μυθοπλόκον
682 4499 752 4554 aliti
771 4500 913 4567 appellare
933 4499 1161 4568 petuisse—qued
1181 4498 1253 4568 apud
1271 4499 1419 4554 llarimum
1448 4498 1562 4567 'tyrium
1581 4498 1669 4569 llllll,
1689 4499 1704 4556 9

454 4586 490 4650 (v.
518 4583 589 4652 frag.
620 4589 680 4653 125)
707 4587 907 4656 legimus—sed
935 4587 1028 4657 petius
1047 4587 1263 4671 pedoalc'rrcv,
1289 4588 1373 4643 verba
1401 4586 1552 4656 iurantem,
1579 4586 1705 4654 linguam

456 4675 548 4730 verbis
576 4677 746 4745 spoliantem.
787 4679 859 4744 Quae
888 4678 1045 4733 coniectura
1073 4677 1216 4743 quominus
1245 4671 1410 4732 admittatur
1437 4676 1588 4732 Pausaniae
1620 4676 1707 4730 verba

456 4764 928 4838 oustant‚qm1r‚27‚3n0tul
954 4767 1005 4830 καὶ
1038 4768 1116 4849 οὐχ
1150 4766 1454 4850 ὁμολογοῦντα
1489 4763 1708 4848 ἀλλήλοις

455 4854 591 4922 poetriam
609 4855 642 4911 de
661 4856 792 4926 cupidine
812 4857 942 4915 cecinisse
960 4857 1041 4914 testis
1061 4858 1112 4929 est3
1130 4856 1164 4911 ad
1183 4870 1251 4927 quae
1270 4854 1321 4913 hec
1339 4869 1443 4928 queque
1462 4854 1637 4914 referendum
1649 4869 1707 4911 esse

456 4942 573 5008 videtur,
