3736 6012
1005 559 1172 632 -(5„.

463 795 583 868 critico
609 801 712 887 atque
738 796 912 884 exegetica
938 794 1173 884 copiosissimo
1198 794 1404 865 instructam
1444 796 1527 863 ante
1552 789 1614 864 hos
1639 795 1711 862 tres

462 949 572 1002 annos
598 929 786 1019 separatim
811 927 921 1000 edidit
936 928 980 1020 l).
1008 927 1044 1000 Si
1058 932 1174 999 autem
1187 924 1462 998 demonstratum
1481 921 1712 1016 erit—quoad

461 1060 498 1133 id
522 1061 602 1133 fieri
627 1061 935 1151 potest-latinum
955 1066 1090 1152 poetam
1117 1082 1159 1132 ex
1185 1061 1322 1152 ipsis
1348 1057 1584 1149 Sapphus
1610 1078 1712 1129 car-

462 1194 691 1268 minibus
743 1195 909 1287 hausisse,
949 1203 1025 1269 tum
1063 1195 1182 1285 multa,
1223 1215 1310 1287 qnae
1348 1195 1520 1286 imprimis
1558 1193 1600 1266 de
1636 1193 1712 1266 vita

460 1328 615 1420 poetriae
640 1327 683 1400 ab
711 1327 912 1400 bominibus
940 1327 1050 1400 doctis
1077 1328 1137 1399 illa
1162 1328 1311 1419 epistula
1335 1327 1432 1400 tretis
1458 1333 1595 1399 tantum
1609 1324 1712 1396 dnbi-

461 1467 577 1535 tanter
602 1461 737 1552 prolata
763 1466 857 1552 sunt,
885 1462 995 1551 magis
1022 1461 1172 1534 stabiliri
1198 1467 1374 1551 poterunt.

558 1595 653 1669 Haec
677 1601 760 1668 sunt
783 1616 872 1687 quae
897 1619 952 1669 me
977 1596 1022 1670 ad
1048 1618 1123 1670 eam
1148 1597 1383 1689 quaestionem
1407 1597 1603 1670 accuratius
1617 1600 1711 1666 trac-

459 1730 601 1804 tandam
626 1731 870 1823 permoverint.
899 1730 1021 1824 Itaque
1033 1730 1272 1804 demonstrare
1286 1732 1435 1804 conabor
1455 1731 1607 1822 primum
1623 1751 1711 1822 quae

460 1865 641 1938 manifesta
666 1863 828 1956 Sapphus
854 1866 1048 1937 carminum
1074 1866 1223 1954 vestigia
1250 1867 1287 1936 in
1313 1865 1372 1937 illa
1398 1863 1547 1954 epistula
1561 1870 1709 1956 exstent,

458 2006 533 2072 tum
559 1998 652 2072 unde
674 2006 795 2072 auctor
821 2000 895 2072 eius
921 1999 989 2072 alia
1014 2001 1203 2090 sumpsisse
1218 1999 1388 2072 videatur.
1418 2000 1616 2091 Antequam
1629 2019 1710 2071 vero

458 2135 504 2210 ad
530 2133 565 2207 id
590 2134 683 2228 quod
710 2135 796 2207 mihi
822 2136 1038 2227 propositum
1065 2142 1117 2208 est
1131 2135 1301 2227 accedam,
1333 2155 1443 2227 pauca
1475 2134 1517 2207 de
1543 2134 1711 2227 epistulae

458 2279 598 2347 auctore
622 2279 725 2364 atque
751 2274 885 2362 origine
910 2273 1134 2363 praemittere
1153 2274 1449 2364 recentiorumque
1462 2270 1505 2344 de
1517 2294 1557 2345 ea
1571 2278 1709 2344 senten-

459 2410 525 2481 tias
550 2407 764 2498 perlustrare
790 2428 860 2480 non
887 2427 1182 2497 supervacaneum
1208 2428 1283 2479 esse
1308 2428 1438 2479 censeo.

555 2538 716 2631 Sapphus
741 2537 786 2613 ad
811 2539 986 2613 Phaonem
1012 2540 1195 2631 epistulam
1221 2542 1381 2632 quisnam
1405 2540 1602 2629 scripsisset
1615 2541 1709 2611 inter

458 2673 615 2747 homines
641 2672 758 2746 doctos
784 2675 855 2746 iam
896 2675 934 2746 in
958 2676 1073 2746 varias
1111 2680 1228 2766 partes
1247 2673 1519 2769 disputabatur.
1563 2673 1709 2745 Ovidius

457 2808 577 2882 Amor.
601 2808 649 2902 Il,
678 2813 721 2881 18
749 2807 916 2882 Heroides
944 2831 1023 2881 suas
1045 2831 1232 2882 recensens
1259 2809 1422 2902 Sapphus
1449 2810 1620 2900 epistulae
1637 2831 1657 2881 a
1676 2831 1712 2881 se

457 2944 607 3035 scriptae
632 2945 706 3035 ipse
732 2943 787 3015 his
813 2943 928 3016 verbis
955 2946 1166 3017 mentionem
1192 2945 1276 3017 facit
1300 2947 1347 3036 (1.
1374 2947 1448 3039 261

606 3075 798 3150 Scribimus
818 3134 825 3149 .
842 3132 850 3149 .
877 3075 968 3168 quod
985 3132 1015 3148 ..

603 3255 605 3260 ,
665 3208 768 3282 Dicat
794 3215 828 3281 et
853 3209 996 3282 Aeoliae
1019 3208 1142 3280 Lesbis
1169 3211 1280 3281 amica
1306 3209 1410 3302 lyrae.

458 3339 546 3416 Cum
572 3364 655 3416 vero
680 3365 719 3416 ea
745 3343 905 3434 Sapphus
932 3343 1080 3435 epistula
1106 3366 1208 3435 quam
1229 3365 1291 3416 nos
1308 3343 1474 3416 babemus
1488 3345 1526 3416 in
1541 3344 1706 3415 vetustio-

456 3475 554 3548 ribus
579 3475 769 3548 Heroidum
794 3477 894 3548 libris
920 3478 1169 3567 manuscriptis
1195 3498 1265 3548 non
1291 3483 1413 3567 exstet,
1439 3478 1476 3548 in
1502 3476 1705 3548 recentiori-

456 3610 521 3681 bus
547 3617 661 3682 autem
688 3617 750 3682 aut
776 3612 899 3682 ceteris
940 3609 1153 3683 Heroidibus
1190 3633 1324 3685 annexa
1361 3615 1407 3685 sit
1433 3618 1496 3684 aut
1520 3612 1707 3703 separatim

457 3738 728 3836 circumferatur,
757 3745 908 3834 suspicio
933 3752 1010 3817 orta
1036 3750 1089 3817 est
1113 3767 1189 3817 eam
1215 3767 1235 3817 a
1260 3725 1490 3837 posteriorum
1513 3752 1707 3837 temporum

454 3876 686 3951 versificatore
713 3877 859 3970 quodam
885 3878 1047 3968 genuinis
1089 3876 1271 3951 Ouidianis
1304 3881 1518 3953 carminibus
1557 3877 1601 3950 ad
1626 3879 1706 3950 imi-

455 4010 599 4085 tandum
625 4014 809 4104 propositis
836 4013 1095 4105 compilatisque
1122 4014 1311 4086 confectam
1337 4021 1371 4086 et
1397 4015 1520 4086 ceteris
1547 4013 1706 4103 epistulis

455 4152 608 4234 assutam
634 4169 717 4220 esse.
745 4148 799 4219 Ex
825 4149 938 4220 titulis
965 4156 1081 4221 autem
1107 4150 1181 4221 eius
1207 4149 1376 4240 epistulae
1402 4150 1556 4222 inlibris
1584 4170 1707 4221 manu-

456 4283 595 4373 scriptis
621 4284 839 4368 exstantibus
866 4285 980 4375 colligi
1006 4289 1120 4376 potest
1145 4306 1220 4356 eam
1247 4283 1372 4359 Ouidio
1398 4288 1533 4358 auctori
1555 4286 1707 4376 plerum-

455 4437 521 4507 que
545 4416 758 4505 assignatam
784 4437 868 4506 essa,
908 4419 945 4488 in
973 4417 1091 4489 multis
1133 4416 1310 4490 codicibus
1348 4414 1449 4491 titulo
1475 4424 1579 4508 caret3
1619 4417 1707 4490 alias

454 4569 547 4640 vero,
587 4548 688 4620 utin
715 4547 830 4620 codice
868 4549 1027 4621 Parisino
1067 4553 1160 4622 7999
1201 4550 1336 4622 Vriesio
1375 4556 1463 4660 teste
1494 4551 1529 4642 (l.
1556 4551 1577 4622 l.
1605 4572 1638 4640 p.
1667 4554 1704 4642 9)

560 4903 584 4972 ’)
604 4904 748 4973 «Epistula
778 4906 904 4976 Sapphus
934 4908 969 4962 ad
991 4908 1134 4963 Phaonem.
1165 4907 1285 4982 Scripsit
1313 4905 1337 4966 S.
1357 4907 1384 4963 9.
1412 4907 1707 5000 dcllries¹bugduui

411 5073 413 5082 Ι
454 4995 632 5063 Batavorum,
652 4994 899 5053 1999911111»,
1283 4994 1298 5036 ·.
1340 5031 1341 5035 ,
