3784 6014
690 546 740 560 -
767 489 836 578 ao
861 545 912 558 -

175 739 375 832 compendio
401 760 583 833 perperam
605 737 778 811 intellecto
803 759 867 829 pro
892 759 947 809 su
961 745 1013 810 nt
1037 735 1231 827 reposuerit
1256 758 1346 830 que
1370 727 1424 808 vel

172 896 380 970 quoque,
407 881 446 947 ut
470 873 598 964 legitur
635 873 673 946 in
712 870 807 945 codd.
848 869 1105 960 Hamburgensi
1133 870 1184 963 (h)
1213 877 1248 942 et
1272 871 1425 943 Franco-

171 1010 315 1084 furtano
332 1010 373 1102 (f)
386 1009 432 1102 *).
459 1008 582 1080 Totum
609 1013 723 1080 autem
737 1006 802 1077 hoc
817 1005 914 1077 colon
940 1002 1106 1076 describit
1129 1002 1300 1094 elegiacos
1312 1005 1424 1094 poesis

171 1145 257 1237 vim,
280 1166 349 1218 non
362 1144 597 1239 antiquiorum
623 1139 761 1232 quidem
780 1138 1000 1228 Graecorum,
1025 1137 1085 1210 sed
1098 1136 1423 1229 Alexandrinorum,

171 1295 321 1366 quornm
347 1272 501 1349 definitio
529 1297 606 1347 cum
633 1273 795 1347 hocloco
822 1279 902 1364 apte
927 1272 1076 1344 conferri
1101 1278 1215 1363 potest
1231 1273 1302 1364 aa).

273 1410 478 1482 Baehrensii
504 1409 760 1500 simplicissima
786 1408 953 1480 correctio
978 1428 1051 1479 non
1077 1407 1246 1479 satisfecit
1270 1404 1420 1498 Vriesio‚

133 1629 137 1638 ¹
170 1546 235 1637 qui
260 1545 283 1615 l.
310 1546 333 1616 l.
360 1567 393 1638 p.
421 1549 467 1618 40
496 1543 672 1633 elegos
699 1544 767 1614 iam
793 1542 966 1632 inpriore
992 1541 1064 1614 colo
1090 1541 1164 1613 eius
1189 1561 1309 1613 versus
1337 1539 1425 1612 desi-

170 1676 298 1751 derans
325 1678 390 1750 hoc
414 1673 514 1749 modo
538 1698 677 1749 versum
704 1675 832 1765 corrigi
859 1673 963 1747 iubet:

273 1802 425 1876 Flendus
450 1824 546 1876 amor
571 1823 667 1874 meus
694 1808 747 1874 est
773 1800 951 1890 elegis:
979 1801 1068 1872 hoc
1092 1799 1208 1872 llebile
1234 1821 1382 1872 carmen.

170 1940 280 2012 Putat
305 1940 397 2011 enim
422 1939 498 2010 illos
539 1938 652 2027 elegos
690 1909 799 2028 priori
838 1937 913 2017 colo
950 1934 1126 2008 addendos
1152 1957 1237 2028 esse,
1264 1938 1425 2029 quoniam

170 2095 238 2164 per
261 2094 300 2145 se
325 2071 546 2161 intellegatur
584 2071 738 2162 poetriae
763 2092 864 2144 snum
890 2072 1039 2142 amorem
1065 2068 1313 2161 deplorandum
1339 2092 1423 2160 esse3

170 2210 294 2310 quaeri
319 2216 444 2300 autem,
483 2231 550 2301 qno
587 2204 687 2280 modo
724 2206 760 2277 id
784 2206 862 2278 lieri
889 2205 1022 2302 debeat,
1062 2206 1096 2276 h.
1124 2228 1152 2277 e.
1196 2203 1286 2297 quod
1311 2206 1425 2297 poesis

170 2361 285 2433 genus
311 2339 355 2414 ad
380 2362 454 2413 eam
467 2362 539 2412 rem
564 2338 798 2412 adhibendum
824 2340 880 2410 sit.
903 2337 1001 2430 Quod
1026 2345 1142 2411 tamen
1166 2339 1281 2411 minus
1306 2361 1426 2412 uerum

172 2481 239 2550 est:
264 2476 380 2567 priore
405 2475 497 2547 enim
521 2474 596 2546 loco
621 2494 756 2551 summa
781 2473 846 2545 -vis
879 2473 991 2562 posita
1017 2478 1069 2544 est
1105 2472 1143 2544 in
1181 2471 1294 2563 primo
1319 2471 1425 2545 verbo
1473 2462 1478 2470 ’

170 2609 211 2682 il
227 2605 398 2698 endus3
437 2609 580 2681 minima
618 2615 733 2680 autem
772 2604 933 2678 contendi
972 2612 1085 2697 potest
1110 2629 1171 2698 per
1197 2628 1234 2679 se
1258 2629 1426 2700 quemque

172 2743 375 2832 intellegere
400 2741 578 2833 Sapphoni
604 2763 755 2838 amorem
769 2738 966 2814 deflendum
991 2762 1076 2830 esse3
1103 2741 1168 2814 hoc
1181 2747 1277 2833 patet
1301 2765 1342 2814 ex
1368 2743 1423 2832 iis,

172 2895 264 2968 quae
287 2873 380 2947 infra
404 2878 607 2966 sequuntur,
634 2893 704 2945 non
741 2893 823 2944 vero
848 2871 917 2943 iam
943 2893 984 2942 ex
1011 2871 1113 2945 initio
1138 2870 1313 2964 epistulae.
1341 2871 1426 2946 Tota

171 3013 291 3082 autem
328 3008 500 3079 sententia
537 3006 602 3078 hoc
639 3003 739 3078 modo
777 3003 942 3097 procedit:
976 3004 1163 3096 Quaerenti
1191 3004 1336 3096 Phaoni,
1364 3027 1426 3078 cur

173 3141 316 3232 Sappho
342 3162 412 3214 non
437 3140 558 3233 lyrico,
588 3140 668 3231 (quo
694 3137 852 3231 solebat),
880 3137 939 3209 sed
965 3137 1116 3228 elegiaco
1141 3143 1250 3210 metro
1281 3118 1325 3211 in·
1346 3159 1425 3212 con·

172 3272 287 3347 dendo
313 3274 466 3346 carmine
503 3278 634 3364 utatur,
673 3272 807 3362 poetria
844 3267 1030 3362 respondet
1067 3268 1135 3341 sibi
1172 3251 1253 3342 tum*
1270 3269 1426 3344 ilcndnm

171 3429 259 3501 esse,
284 3412 493 3502 quapropter
518 3428 555 3479 se
579 3405 744 3478 adhibere
780 3404 980 3497 elegiacum,
1006 3404 1098 3498 quod
1121 3403 1237 3478 llendo
1263 3375 1426 3479 conueniss

171 3549 222 3635 at,
247 3551 446 3617 nonautem
460 3541 620 3615 melicum
639 3541 868 3633 metrum***)
911 3539 1043 3632 Quibus
1057 3541 1106 3614 ita
1119 3540 1298 3632 explicatis
1312 3541 1423 3613 Baeh÷

171 3679 371 3773 rensianam
397 3678 628 3752 coniecturam
654 3677 857 3751 Vriesianae
882 3677 1161 3771 praeponendam
1193 3699 1266 3752 esse
1292 3701 1422 3754 censeo.

174 4098 601 4112 unt—*ffl-

281 4265 304 4332 '')
321 4263 439 4321 Voculae
458 4279 528 4331 quc
548 4264 709 4320 scribendae
729 4260 890 4334 compendia
910 4276 935 4320 v.
956 4264 1028 4335 apud
1047 4263 1133 4324 Blass.
1152 4268 1172 4324 l.
1192 4266 1211 4323 l.
1231 4266 1288 4324 tab.
1307 4265 1351 4326 VI.

268 4355 305 4424 *')
323 4357 362 4416 of.
382 4356 473 4414 Procli
493 4356 637 4413 chreston.
665 4355 705 4423 (in
723 4354 874 4425 Wastpbal.
903 4354 1015 4424 Scriptt.
1035 4358 1114 4413 metr.
1134 4358 1147 4413 l
1165 4373 1192 4428 p.
1212 4361 1273 4418 242:
1291 4357 1340 4422 τό
1364 4357 1423 4444 γὰρ

172 4450 347 4530 θρῆνος
370 4447 528 4530 ἔλεγον
550 4440 1033 4512 ἓκάλουνοὶπαλαιοί..-8Πί(1.
1054 4460 1074 4502 ⁸·
1094 4460 1120 4502 u.
1140 4447 1425 4528 disperderi-

174 4537 420 4614 vop-bustam.
440 4537 473 4592 ll.
496 4535 573 4592 1372:
591 4533 740 4618 ἵληθι
764 4530 781 4598 ὅ
803 4530 868 4598 ἔστι
891 4539 946 4621 op
962 4541 1068 4618 ῆνοι,
1099 4537 1128 4592 V.
1148 4537 1240 4594 llach.
1260 4537 1422 4594 (lasabicbte

173 4623 199 4683 d.
218 4625 320 4694 grioob.
339 4624 429 4694 llyrilr
447 4639 473 4695 p.
496 4625 545 4681 175
565 4638 603 4690 sq.
1281 4638 1283 4644 ·

227 4713 278 4781 m)
295 4715 408 4772 dbuald
417 4716 436 4771 l.
447 4716 466 4771 l.
477 4729 502 4783 p.
514 4714 566 4772 219
577 4715 605 4770 ot
614 4713 644 4769 in
653 4715 693 4771 sd.
705 4713 806 4771 leubn.
818 4729 879 4770 cum
889 4715 954 4772 aliis
973 4717 1080 4784 elegi
1099 4718 1181 4776 verbo
1191 4717 1362 4788 producendo
1372 4718 1422 4790 ita,

173 4806 206 4861 ut
222 4819 273 4875 pro
291 4803 414 4875 perdocto
433 4803 554 4874 tompore
574 4803 652 4860 verbi
681 4803 801 4872 eligendi
829 4789 1018 4876 accipiendum
1037 4804 1083 4877 sit,
1111 4808 1241 4867 locutum
1260 4807 1423 4878 explendam

174 4909 230 4952 esso
249 4893 431 4966 pertinaciter
450 4893 598 4949 contendit:
618 4894 741 4949 attamen
761 4895 788 4948 et
806 4893 896 4962 ipsum
924 4896 1037 4954 verbum
1065 4895 1119 4954 illa
1135 4897 1298 4956 Procrustes
1316 4897 1422 4958 medalu
