3784 6014
763 551 958 626 ..69-

235 779 364 854 Ultima
389 757 495 854 verba
533 783 582 855 ita
620 789 782 874 corrupta
821 791 912 876 sunt,
940 787 1074 857 utiam
1112 786 1252 858 Boeclrh
1290 786 1345 868 de,
1366 781 1510 861 eornm
1552 773 1554 776 ’

232 917 452 989 restitutione
465 915 699 1008 desperauerit
717 919 764 1009 *)·,
793 917 937 991 Carolus
966 935 1103 1013 quoque
1130 921 1281 994 Mueller
1301 923 1482 1012 inFragg.

236 1049 355 1121 histor.
383 1071 434 1140 gr.
475 1050 557 1122 Τ.Ι
594 1073 627 1142 p.
660 1057 725 1125 581
768 1053 929 1126 lacunam
967 1055 1194 1146 probabiliter
1227 1055 1357 1146 expleri
1383 1075 1485 1146 posse
1524 1035 1527 1039 ⁵

235 1186 384 1274 negavit.
412 1187 576 1259 Attamen
602 1190 810 1261 recentiores
836 1190 1062 1262 nihilominus
1090 1193 1248 1263 certatim
1281 1189 1482 1263 conicienda

234 1319 308 1391 loco
333 1295 461 1393 mederi
488 1329 659 1395 conantur
699 1324 931 1419 Barthelemyi
965 1329 1173 1398 sententiam
1212 1329 1281 1398 iam
1314 1333 1396 1398 ante
1422 1326 1486 1398 hos

236 1461 374 1526 centum
399 1477 507 1527 annos
545 1457 715 1547 prolatam
754 1461 873 1551 secuti,
913 1461 971 1551 qui
999 1459 1218 1551 Sapphonem
1255 1483 1332 1532 cum
1359 1459 1486 1532 Alcaeo

236 1589 426 1682 ceterisque
455 1591 870 1686 llitylenaeismobilibus
897 1617 918 1666 a
944 1595 1077 1666 Pittaco
1103 1595 1238 1685 pulsam
1264 1596 1302 1666 in
1329 1593 1485 1668 Siciliam

234 1721 365 1812 fugisse
389 1724 523 1814 primns
550 1726 696 1799 coniecit
712 1726 778 1819 aa).
806 1727 861 1799 Ita
887 1749 999 1818 nuper
1025 1728 1133 1799 Flaeh
1158 1727 1180 1798 l.
1195 1727 1217 1798 l.
1244 1749 1277 1818 p.
1296 1731 1340 1800 18
1367 1727 1482 1799 novis-

238 1858 360 1928 simam
388 1859 422 1930 Θ
448 1859 601 1931 litteram
627 1881 669 1931 ex
695 1862 725 1932 Ο
751 1868 958 1969 cor-ruptam
976 1882 1050 1933 esse
1065 1868 1221 1934 statuens
1247 1862 1359 1932 locum
1372 1875 1486 1932 resar-

237 1991 300 2061 ciri
325 2011 426 2081 posse
450 1991 654 2084 arbitratur,
695 1994 723 2064 si
749 1995 856 2084 legas:
897 1985 988 2088 [σύν
1016 1984 1178 2088 ἄλλοις]
1205 1984 1257 2068 ol
1293 1993 1487 2106 [ιγαρχι-

239 2123 368 2218 κ]ο[ῐς.
396 2123 499 2213 Quod
520 2127 662 2200 minime
688 2135 740 2200 est
772 2128 968 2219 verisimile
996 2150 1075 2202 nam
1101 2136 1135 2202 et
1161 2129 1197 2201 in
1224 2129 1384 2221 Sapphus
1412 2150 1486 2201 car-

237 2258 389 2333 minibus
415 2266 450 2332 et
475 2260 512 2333 in
538 2267 691 2333 veterum
715 2253 937 2334 'testimoniis
977 2284 1020 2334 ne
1045 2285 1153 2334 unum
1179 2261 1316 2356 quidem
1344 2264 1487 2336 verbum

237 2400 360 2496 exstat,
387 2415 453 2486 quo
479 2393 663 2468 doceamur
687 2398 856 2487 poetriam
882 2395 1086 2468 Lesbiorum
1112 2398 1287 2470 intestinis
1326 2397 1425 2469 bellis
1452 2418 1487 2470 se

236 2529 465 2602 immiscuisse
490 2531 545 2602 uel
573 2522 836 2605 braccarensi
862 2529 1031 2623 quaedam
1057 2533 1248 2622 scripsisse,
1275 2535 1392 2624 itaque
1417 2553 1487 2608 non

237 2668 323 2753 erat,
338 2685 412 2778 ο1111
437 2687 458 2736 1
483 2665 618 2738 Pittaco
643 2667 758 2757 patria
784 2666 980 2757 pelleretur,
1021 2687 1120 2757 quem
1147 2688 1225 2739 cum
1257 2669 1294 2739 in
1320 2667 1486 2740 Alcaeum

237 2803 374 2889 captum
411 2799 526 2891 potius
564 2801 823 2890 magnanimum
874 2822 978 2892 quam
1016 2799 1205 2873 ulciscendi
1244 2799 1406 2892 cupidum
1451 2823 1488 2874 se

236 2934 453 3023 praestitisse
479 2942 613 3007 constet
638 2936 817 3026 ignoscere
842 2935 965 3007 melius
993 2934 1189 3008 ulciscendo
1204 2934 1485 3028 ducentemrrrp

238 3089 278 3139 eo
292 3070 401 3141 secius
416 3067 625 3143 eredendum
640 3071 741 3142 estin
755 3071 1014 3162 teneramilli)
1043 3077 1144 3160 patre
1169 3069 1288 3142 orbam
1301 3061 1484 3161 poetriam,
1528 3149 1531 3154 ,
1650 3104 1653 3108 ·

346 3363 368 3430 *l
385 3365 414 3421 ll.
434 3364 497 3421 cro.
518 3366 570 3422 vol.
590 3367 626 3437 Il,
645 3381 671 3435 p.
693 3367 752 3423 317:
784 3324 909 3421 «Lacuna
934 3379 972 3421 vs.
1002 3367 1032 3422 51
1064 3365 1170 3432 expleri
1199 3364 1331 3430 nequit..
1360 3363 1487 3418 Fortasse

238 3452 345 3519 aliquid
364 3453 405 3508 de
425 3453 577 3510 Phaone
597 3454 702 3511 dictum
720 3457 806 3511 erat».
1273 3495 1274 3498 η

331 3541 368 3610 **)
385 3545 414 3600 V.
435 3543 493 3599 eius
512 3545 718 3600 annotationem
746 3545 781 3601 ad
811 3545 937 3613 «voyage
966 3544 1002 3599 dn
1026 3543 1110 3613 janna
1138 3543 1305 3601 Anacharsis
1334 3557 1368 3597 111
1386 3539 1485 3598 brice·

237 3632 267 3687 Τ.
285 3633 307 3702 I,
326 3647 352 3701 p.
372 3635 424 3692 442
444 3648 481 3701 sq.
500 3634 551 3702 (ed.
570 3636 713 3706 Hachette,
731 3637 792 3692 Par.
814 3637 900 3700 1880:
922 3633 1285 3701 ‹h‘end1·oit-inonit-oh
1300 3631 1487 3699 lachronique

236 3722 271 3777 de
299 3724 382 3778 Paros
409 3727 489 3794 parle
516 3724 549 3780 do
578 3725 677 3796 sapho,
706 3727 748 3781 est
775 3739 890 3795 presque
919 3723 1099 3780 entitrement
1128 3721 1209 3779 afface
1237 3738 1283 3778 sur
1311 3725 1338 3779 le
1367 3722 1488 3793 martra
1607 3752 1609 3758 ι

237 3810 308 3866 mais
327 3826 362 3866 on
381 3827 400 3881 p
418 3814 455 3869 lit
473 3813 681 3870 distinctement
700 3815 801 3881 qu’elle
822 3814 880 3883 prit
898 3816 928 3869 la
947 3814 1027 3883 luite,
1056 3815 1084 3867 et
1102 3813 1275 3879 s’embarqna
1303 3826 1373 3880 pour
1400 3813 1429 3866 la
1448 3810 1489 3868 si-

237 3893 300 3957 cile,
320 3901 353 3958 de
373 3917 405 3957 ne
425 3902 470 3958 tut
488 3903 557 3958 dono
575 3918 633 3973 pas,
653 3917 754 3958 comme
784 3918 818 3957 on
837 3903 875 3958 l’a
893 3902 943 3972 dit,
973 3917 1041 3972 pour
1070 3903 1161 3958 snivre
1186 3902 1288 3972 Phaon,
1308 3902 1408 3968 qu'ellc
1428 3901 1487 3956 alla

237 3989 463 4048 danscetteile.
483 3993 518 4047 Il
546 3993 641 4047 asta
667 3991 871 4060 prasumer
899 3989 1306 4059 qn’Alceol’engagea
1334 3991 1489 4046 dansla

237 4081 527 4150 conspiration
555 4083 693 4137 contre
722 4083 916 4152 Pittacus,
946 4084 982 4137 et
1010 4083 1063 4148 qn’
1088 4083 1169 4138 elle
1197 4081 1487 4136 futbcnniede

236 4168 433 4238 llityldne
461 4186 504 4226 en
530 4171 641 4227 meme
670 4173 794 4241 temps
822 4172 978 4238 qualui
1006 4172 1043 4225 et
1071 4185 1132 4226 ses
1161 4171 1405 4239 partisans».

316 4257 366 4326 ***)
390 4259 428 4317 tf.
456 4260 592 4316 Heracliti
620 4261 808 4316 testimonium
836 4260 909 4329 apud
937 4261 1047 4327 Diogen.
1077 4260 1165 4316 baert.
1186 4262 1207 4330 1,
1234 4261 1277 4317 76:
1301 4259 1486 4344 «Συγγνώμη

237 4349 385 4432 τιμωρίας
407 4347 590 4433 κρείττων».

302 4454 366 4522 ’***)
384 4456 503 4514 Schoene
532 4458 550 4513 l.
569 4460 589 4514 l.
618 4473 643 4528 p.
673 4459 724 4516 759
754 4457 842 4512 mittit
862 4458 1035 4528 Sapphonom
1054 4457 1091 4514 ui
1102 4458 1212 4526 giuti
1236 4472 1321 4512 annos
1341 4458 1436 4513 natam
1456 4456 1486 4512 in

237 4543 372 4617 Siciliam,
391 4561 424 4601 11
443 4545 533 4602 Ovidii
552 4560 616 4602 voro
636 4547 729 4602 verbis
757 4561 841 4615 supra
870 4547 966 4602 allatis
994 4551 1031 4612 (v.
1061 4549 1094 4605 85
1124 4551 1173 4613 sq.)
1201 4546 1326 4613 sequitur
1352 4560 1413 4602 eam
1431 4545 1488 4601 iam

237 4634 480 4690 maturio-ris
509 4635 663 4690 aetatis
682 4635 776 4706 tuisse,
795 4650 856 4690 cum
874 4635 955 4690 illam
974 4636 1070 4704 fugam
1089 4637 1211 4705 pararet,
1231 4635 1303 4702 qnod
1327 4636 1403 4691 liure
1423 4650 1489 4702 qno·

238 4738 292 4790 que
310 4726 358 4781 l.l.
379 4725 479 4795 verbis,
501 4739 533 4780 «a
546 4725 647 4782 middle
667 4724 736 4793 agad
755 4738 876 4779 woman·
898 4726 1021 4780 statuere
1041 4724 1159 4796 videtum
1180 4726 1253 4782 lloclr
1265 4725 1382 4792 denique
1397 4727 1417 4781 l.
1429 4727 1448 4782 l.
1460 4741 1486 4796 p

238 4816 284 4883 71,
311 4827 362 4880 quo
390 4815 478 4883 magis
506 4815 631 4885 Sapphus
658 4815 689 4869 in
716 4813 853 4868 Phaonem
881 4828 1002 4893 amorem
1032 4814 1120 4868 afide
1140 4814 1334 4870 abhorrentem
1359 4814 1488 4887 afficeret,

238 4903 376 4974 poetriam
396 4919 505 4960 anum
533 4907 624 4974 plus
653 4904 872 4971 sexaginta
891 4915 1080 4959 annorum
1098 4903 1216 4960 Phaonis
1235 4919 1326 4960 amore
1346 4904 1488 4960 ardentem

239 4993 329 5051 tinnit.
349 4996 407 5050 Iam
425 4995 487 5064 ipsa
505 4995 573 5050 haec
592 4993 750 5065 opinionum
770 4993 892 5050 varietas
911 4992 990 5054 illam
1009 4993 1051 5066 ⁴de
1071 4994 1196 5064 Sapphus
1224 4994 1253 5051 in
1273 4995 1396 5052 Siciliam
1420 4995 1488 5069 iuga

236 5084 344 5146 famam
361 5085 474 5144 dubiam
491 5084 591 5147 reddit.
