3736 6012
708 439 904 548 ...15ss
1008 573 1011 582 Ι

277 705 398 799 ltaque
424 727 502 778 cum
530 712 721 779 ceterarum
748 707 939 780 Heroidum
966 711 1157 800 complures
1171 713 1430 784 accuratissime

181 862 260 912 cum
287 839 330 912 iis
358 839 582 932 carminibus
610 841 702 913 unde
729 861 786 915 eas
814 842 935 915 ductas
963 864 1036 915 esse
1062 845 1250 918 verisimile
1291 845 1431 918 videba-

180 980 250 1063 tur,
277 980 497 1064 comparatae
523 981 648 1066 essent
689 976 727 1046 in
753 961 914 1067 Sapphus
955 978 1138 1068 epistulam
1171 985 1254 1051 ante
1279 979 1430 1052 Birtium

182 1132 282 1183 nemo
322 1109 525 1199 diligentius
568 1110 761 1202 inquisivit,
810 1131 899 1202 quae
937 1113 975 1183 in
1012 1114 1279 1205 commentariiS,
1318 1121 1358 1186 ut
1395 1117 1433 1187 in

183 1242 365 1316 Woliianis
391 1245 482 1317 notis
503 1245 690 1336 variorum,
719 1243 811 1335 apud
825 1244 1057 1338 Welckerum‚
1085 1247 1288 1340 Bergkium
1332 1249 1433 1322 Vrie-

184 1381 274 1453 sium
300 1379 423 1454 collata
454 1382 693 1472 inveniuntur,
719 1381 930 1471 paucissima
956 1388 1039 1455 sunt
1064 1390 1098 1456 et
1124 1383 1233 1456 solum
1256 1392 1432 1477 tamquam

184 1517 221 1588 in
246 1516 499 1607 praetereundo
525 1523 700 1590 annotata.
742 1517 851 1590 Cuius
889 1521 1058 1610 primaria
1091 1541 1196 1594 causa
1222 1522 1307 1595 haec
1347 1523 1434 1595 mihi

185 1671 261 1724 esse
285 1650 435 1725 videtur:
476 1654 684 1726 recentiores
723 1675 801 1726 cum
828 1675 903 1725 eam
930 1654 1115 1726 Heroidem
1157 1657 1434 1744 agenuinorum

186 1783 306 1857 Ovidii
332 1787 526 1858 carminum
554 1787 730 1858 imitatore
755 1785 903 1877 quodam
931 1787 1208 1876 conglutinatam
1234 1808 1309 1859 esse
1333 1794 1442 1879 puta

185 1925 275 2011 rent,
315 1939 360 1991 ne
386 1918 527 2009 dignam
567 1920 706 2011 quidem
744 1921 1019 2012 arbitrabantur,
1059 1922 1115 1993 cui
1154 1941 1294 2011 operam
1333 1928 1437 2014 atque
1551 1950 1553 1954 ·

186 2044 300 2117 oleum
325 2045 574 2136 impenderent.

286 2179 401 2270 Birtii‚
429 2181 488 2270 qui
502 2157 647 2272 primus⁷
675 2182 807 2252 utiam
833 2179 994 2273 diximus
1022 2185 1220 2257 accuratius
1246 2206 1321 2257 eam
1334 2207 1437 2277 quae-

189 2318 336 2390 stionem
362 2320 538 2411 tractavit,
565 2319 681 2411 opinio
708 2340 747 2391 eo
772 2319 929 2410 inclinat,
957 2327 997 2392 ut
1021 2327 1196 2394 auctorem
1233 2322 1337 2395 huius
1364 2325 1436 2414 epi-

190 2451 301 2525 stulae
327 2450 532 2524 Callimachi
572 2452 766 2544 exemplum
805 2435 960 2534 secutum
988 2474 1064 2526 esse
1090 2461 1231 2548 statuat,
1274 2478 1375 2562 quem
1401 2459 1438 2529 in

190 2587 303 2661 Astiis
346 2587 387 2659 de
424 2586 585 2678 Sapphus
623 2608 758 2679 quoque
795 2607 877 2676 erga
917 2585 1092 2660 Phaonem
1132 2609 1247 2661 amore
1279 2611 1440 2662 narrasse

191 2741 397 2812 persuasum
425 2719 540 2810 hahet3
567 2741 671 2813 quam
698 2721 907 2793 sententiam
934 2722 972 2793 in
999 2721 1239 2812 „Appendice“
1258 2724 1322 2795 sub
1335 2723 1440 2795 finem

196 2823 590 2944 „Animadversionum“
620 2852 756 2927 adiecta
783 2855 992 2944 comparatis
1019 2854 1253 2946 compluribus
1273 2855 1441 2946 epistulae

191 2988 276 3060 locis
305 3009 382 3060 cum
410 2985 653 3060 Callimacheis
677 2987 883 3077 fragmentis
910 2986 1147 3061 demonstrare
1174 2997 1329 3062 conatur.
1346 2991 1442 3081 Quae

191 3123 309 3216 opinio
334 3143 438 3215 quam
464 3122 614 3195 infirmis
640 3121 860 3195 adminiculis
886 3124 1021 3206 nitatur
1047 3125 1197 3214 primum
1221 3146 1314 3197 exeo
1329 3127 1443 3218 sequi-

192 3265 262 3350 tur,
289 3257 380 3351 quod
418 3281 489 3332 non
509 3261 627 3331 'solum
666 3258 708 3331 de
733 3259 795 3331 tali
839 3258 1070 3332 Callimaoheo
1110 3261 1264 3332 carmine
1302 3261 1340 3333 in
1367 3263 1442 3333 eius

193 3393 295 3466 Aetia
321 3395 454 3466 inserto
480 3393 570 3465 nihil
596 3388 782 3466 memoriae
807 3391 983 3484 proditum
1010 3398 1073 3484 est,
1115 3391 1175 3465 sed
1214 3415 1258 3464 ne
1283 3392 1325 3464 de
1350 3395 1443 3485 ipso-

193 3550 272 3602 rum
299 3528 439 3622 quidem
478 3501 658 3601 Aetiorum
686 3521 901 3617 ⁴argumento
940 3528 977 3600 in
1016 3527 1216 3599 universum
1255 3525 1443 3621 quidquam

86 3631 91 3644 ι
197 3663 284 3737 certi
301 3668 522 3754 ‘compertum
561 3663 743 3734 habemus
780 3661 1071 3751 Fragmentorum
1109 3667 1236 3754 autem,
1277 3683 1365 3754 quae
1390 3663 1445 3736 vir

196 3795 318 3869 doctus
344 3794 388 3868 ad
413 3795 623 3868 fulciendam
649 3795 858 3867 sententiam
884 3793 1014 3885 attulit,
1040 3793 1191 3885 plurima
1215 3815 1296 3884 pars
1323 3816 1365 3881 ex
1390 3796 1444 3866 in·

197 3932 301 4003 certis
327 3932 508 4020 desumpta
533 3936 597 4018 est3
623 3935 661 4002 at
686 3951 726 4002 ea
752 3950 899 4021 quoque,
925 3949 1073 4021 quorum
1102 3927 1334 4001 Callimachea
1349 3931 1445 4020 origo

197 4064 317 4157 procul
344 4065 449 4138 dubio
475 4071 537 4156 est,
565 4064 614 4137 ita
641 4069 838 4155 comparata
863 4068 956 4154 sunt,
983 4069 1023 4134 ut
1049 4083 1133 4134 sana
1160 4068 1274 4134 mente
1312 4070 1347 4135 et
1371 4065 1447 4136 sine

198 4200 313 4274 studio
350 4221 390 4273 ea
426 4198 643 4290 perpendens
684 4197 947 4271 similitudinem
986 4203 1048 4269 aut
1087 4196 1217 4270 nullam
1256 4205 1319 4270 aut
1349 4198 1448 4271 valde

199 4333 349 4408 dubiam
379 4340 512 4407 statuas
529 4335 571 4424 ll.
611 4334 777 4406 Attamen
816 4354 860 4405 ne
904 4352 980 4404 mea
1017 4331 1122 4403 nimis
1162 4353 1281 4403 amare
1315 4331 1446 4425 videar,

273 4677 294 4749 ⁴)
315 4678 440 4735 Ceterum
460 4676 518 4745 ipse
537 4678 636 4732 auctor
655 4673 853 4742 quamquaml.
865 4673 884 4730 l.
896 4688 923 4742 p.
934 4661 985 4732 400
1004 4672 1110 4729 inann.
1121 4687 1176 4728 seso
1194 4688 1241 4728 nox
1253 4689 1336 4730 arena
1354 4672 1450 4732 funem

199 4769 307 4838 ‚lacero
329 4772 421 4837 nogat,
441 4767 583 4823 tamenin
606 4766 763 4835 Appendioe
783 4769 822 4833 (p.
842 4765 894 4822 430
914 4769 983 4831 sqq.)
1003 4763 1141 4832 epistulae
1160 4777 1260 4820 vorsus
1280 4780 1341 4820 cum
1363 4763 1450 4821 delli·

202 4859 325 4914 maoheis
345 4859 508 4927 plerumque
537 4855 703 4912 dubitanter
732 4855 874 4925 componit
901 4868 987 4920 nequo
1016 4868 1073 4910 rem
1103 4868 1165 4908 asc
1192 4854 1370 4922 profligatam
1395 4871 1456 4924 esses

166 4961 170 4966 ·
204 4947 357 5004 contendit.
