3736 6012
709 501 968 608 -oa-u

176 734 281 821 atque
306 729 550 824 exercitatione
588 732 728 806 edoctus
767 735 920 805 evitavit.
962 735 1057 823 Quae
1079 731 1181 803 milri
1218 732 1427 823 gravissima

175 882 282 935 causa
320 863 466 955 videtur,
507 865 598 957 quod
623 871 661 940 in
688 868 753 940 hac
793 868 941 958 epistula
967 890 1037 941 non
1062 869 1178 941 omnia
1204 866 1247 938 ad
1274 888 1425 957 unguem

174 999 345 1089 perpolita
371 1001 599 1093 reperiantur.
1412 1013 1413 1016 ’

274 1133 461 1224 Quaeritur
500 1141 625 1226 autem,
665 1136 747 1226 quid
785 1135 1005 1209 statuendum
1033 1137 1079 1209 sit
1104 1135 1147 1208 de
1166 1136 1249 1207 'Art
1278 1157 1346 1207 am.
1373 1137 1424 1207 Ill

174 1289 205 1338 v.
236 1271 317 1359 346,
345 1268 405 1340 ubi
432 1261 578 1342 Ovidius
605 1291 642 1340 se
667 1272 780 1360 ipsum
820 1269 918 1341 ‘illud
946 1291 1031 1360 opus
1058 1269 1137 1341 aliis
1163 1269 1333 1361 ignotum,
1361 1291 1423 1343 no-

173 1401 282 1476 vasse'
311 1405 475 1475 testatur?
514 1403 604 1475 Mihi
644 1403 781 1495 quidem
821 1403 971 1475 Nasonis
998 1403 1103 1475 verba
1125 1425 1194 1476 non
1221 1405 1271 1476 ita
1297 1405 1423 1495 accipi·

173 1538 263 1610 enda
289 1559 362 1611 esse
387 1537 560 1630 videntur,
600 1546 775 1630 tamquam
802 1539 838 1609 in
866 1538 1065 1610 universum
1098 1539 1247 1629 valeant3
1276 1536 1422 1612 Ovidius

173 1674 265 1746 enim
304 1648 440 1745 tantum
479 1675 517 1745 in
539 1672 641 1761 lati
656 1693 742 1744 nas
768 1672 986 1744 litteras
1020 1671 1187 1743 eiusmodi
1212 1673 1376 1762 epistulas
1402 1694 1423 1743 a

172 1831 207 1881 se
233 1808 394 1882 inductas
420 1831 493 1880 esse
518 1808 662 1898 gloriari
700 1806 846 1880 videtur.
890 1808 984 1898 Quae
1010 1807 1039 1877 si
1067 1813 1159 1878 recte
1185 1805 1343 1900 disserui,
1384 1809 1422 1880 in

172 1918 238 2015 hac
265 1965 398 2036 quoqne
423 1944 634 2048 reURomani
659 1950 780 2035 poetae
805 1943 937 2032 ingenii
963 1941 1050 2032 laus,
1077 1942 1136 2033 qui
1152 1941 1292 2036 illarum
1320 1949 1358 2014 ut
1371 1945 1421 2015 ita

170 2076 284 2148 dicam
310 2098 483 2168 nugarum
508 2045 667 2148 inventor
693 2096 766 2163 esse
791 2074 966 2165 invulgus
981 2073 1142 2166 creditur,
1170 2075 1412 2166 restringenda

170 2220 274 2305 atque
298 2213 537 2286 imminuenda
563 2213 638 2284 erit.

684 2403 896 2410 ——--—--

223 2595 230 2607 ¹
267 2581 362 2653 Haec
387 2583 457 2653 fere
483 2589 575 2672 sunt,
614 2603 701 2674 quae
728 2581 771 2651 ad
797 2581 832 2653 id
859 2581 949 2673 quod
975 2583 1153 2671 posuimus
1179 2581 1418 2654 demonstran·

169 2713 251 2786 dum
279 2714 394 2785 afferri
420 2736 519 2806 posse
533 2713 728 2787 videantur.
756 2715 910 2806 Quorum
925 2716 1045 2786 messis
1058 2720 1196 2805 praeter
1221 2715 1417 2806 opinionem

168 2857 240 2923 tam
267 2849 367 2938 larga
393 2852 512 2942 evasit,
540 2851 725 2942 (imprimis
743 2851 781 2921 si
800 2850 905 2922 exiles
931 2849 1092 2941 Sapphus
1118 2852 1312 2924 carminum
1338 2849 1417 2922 reli-

164 2985 264 3076 quias
290 2987 460 3076 respicis),
487 2985 794 3058 utracemantibus
819 3006 930 3077 pauca
955 2992 1090 3058 tantum
1117 2986 1296 3076 reliquisse
1322 2981 1416 3057 vide·

163 3140 274 3190 amur.
303 3118 467 3190 Attamen
493 3119 629 3191 etiamsi
651 3117 829 3189 dimidiam
854 3117 988 3208 partem
1015 3139 1245 3211 eorumquae
1271 3118 1414 3212 protuli·

163 3263 240 3323 mus
266 3254 406 3323 missam
444 3253 562 3343 facias,
602 3253 728 3342 quippe
766 3253 865 3342 quasi
902 3225 1006 3322 nimis
1043 3259 1205 3364 urgentes
1237 3252 1412 3326 interdum

162 3383 427 3458 similitudinem
465 3386 515 3456 ibi
540 3384 726 3475 indagasse
752 3385 850 3457 nobis
877 3384 1065 3476 videamur,
1107 3385 1167 3457 ubi
1205 3392 1245 3494 tu
1282 3387 1412 3459 nullam

161 3527 304 3594 statues:
345 3521 571 3593 nihilominus
610 3541 650 3593 ea
689 3542 823 3612 quoque
860 3520 1003 3592 dimidia
1042 3541 1134 3611 pam,
1169 3542 1256 3612 quae
1281 3523 1413 3615 reliqua

160 3657 239 3746 erit,
272 3654 419 3727 sufficiet
445 3655 489 3726 ad
515 3655 821 3728 demonstrandum
850 3654 1012 3729 Ovidium
1042 3679 1112 3728 non
1138 3658 1247 3728 solum
1274 3664 1412 3730 senten-

159 3792 239 3881 tias,
266 3790 416 3881 fabulas,
455 3791 636 3881 imagines,
678 3792 835 3881 singulas
874 3793 1029 3864 notiones
1068 3814 1108 3863 ex
1148 3793 1233 3883 ipsis
1259 3797 1412 3883 poetriae

123 3967 125 3972 ·
159 3924 374 3999 carminibus
400 3931 598 3996 mutuatum
624 3946 705 3996 suae
719 3925 886 4014 epistulae
906 3924 1192 4017 accommodasse,
1220 3926 1279 3999 sed
1305 3928 1410 4000 etiam

156 4064 272 4131 totum
298 4078 437 4130 carmen
463 4056 507 4129 ad
532 4060 685 4149 poetriae
711 4058 937 4151 archetypum
969 4062 1209 4151 composuisse.
1238 4062 1408 4152 Quamob-

157 4216 233 4266 rem
258 4201 369 4285 poeta,
396 4195 425 4265 si
452 4194 646 4286 aequalium
688 4193 824 4289 cuidam
851 4217 950 4267 suam
976 4195 1161 4269 Heroidem
1189 4197 1407 4290 dedicaverit,
1470 4233 1474 4242 ·

158 4327 301 4400 Graecis
327 4328 489 4421 anonymi
514 4333 634 4416 poetae
661 4330 728 4418 (ap.
756 4327 883 4418 Bergk.
911 4328 1062 4420 adespot.
1086 4331 1174 4421 frag.
1205 4335 1265 4423 62)
1292 4330 1408 4403 verbis

157 4438 242 4533 usus
268 4468 359 4533 recte
384 4484 424 4533 ac
450 4463 572 4534 merito
598 4461 710 4533 dicere
735 4464 858 4552 potuit:

258 4629 327 4702 'Eu
352 4629 540 4728 Σάπφως
567 4624 976 4730 πόδ”οἷιιιελγόμενος
1004 4627 1106 4734 μέλι
1136 4660 1207 4712 ποι
1224 4635 1355 4744 φέρω.
