1008 1631
524 196 622 214 -92-

262 256 329 279 Quibus
341 255 463 274 demonstratis
477 255 532 273 Gleidi
545 260 618 278 quoque,
638 255 717 278 Sapphus
730 254 798 277 filiolae,
818 256 888 277 patrem

262 290 368 313 reduximus,
381 295 403 308 no
415 290 501 307 immerito
520 289 617 307 adulterino
636 289 720 311 sanguine
739 290 781 306 nata
793 288 888 306 diceretur.

262 324 316 342 Porro
328 325 386 342 autern
398 324 482 346 poetriam
495 323 583 341 viduatam
596 323 677 345 Pla-zonis,
690 323 747 340 fronte
759 324 777 340 et
789 322 837 340 vultu
850 322 889 340 bel-

263 357 324 375 lissimi
337 357 480 380 Mytilenaeorum
494 357 587 379 optimatis,
600 362 658 374 amore
670 358 736 378 captam
757 361 794 374 csse
806 355 889 378 vidimus3

263 391 293 413 qui
306 396 344 408 cum
358 390 445 410 intestinis
458 390 508 408 bellis
521 390 539 408 in
552 390 609 408 Lesbo
622 389 678 407 insula
691 389 805 412 flagrantibus
818 390 835 407 in
842 389 890 407 Sici-

263 423 304 441 liam
316 423 394 446 fugisset,
411 423 495 446 poetriam
508 423 526 441 in
540 423 645 441 carminibus
658 422 726 445 quidem
739 428 777 441 sese
788 428 826 441 eum
839 427 890 440 secu-

264 459 321 475 turam
334 463 372 476 esse
384 450 472 480 cecinisse,
486 458 540 480 ipsam
553 462 594 476 vero
607 463 695 480 nunquam
709 457 727 475 in
734 457 794 475 Sicilia
801 457 890 480 exsfflasse

264 491 376 517 ostendimus.
389 491 449 514 ltaque
462 490 520 509 eodem
534 490 589 514 modo,
609 496 642 514 quo
662 491 695 509 iam
708 493 749 509 ante
766 496 797 508 nos
810 490 889 508 homiues

265 524 311 543 docti
324 524 480 547 divulgatissimam
493 524 514 542 de
527 524 608 547 Sapphus
621 524 707 542 Leucadio
728 524 773 542 saltu
786 524 848 542 famam
862 524 890 541 in-

265 558 357 581 terpretati
370 560 416 580 sunt,
429 563 460 576 nos
473 563 540 581 quoque
553 558 600 576 illam
612 558 684 576 alteram
707 557 728 575 de
740 557 817 580 poetriae
829 557 890 575 exsilio

266 591 341 610 tabulam
355 591 487 614 explicabamus.
502 591 551 615 Quod
564 593 622 610 autem
635 591 657 609 ad
670 591 750 614 Sapphus
773 592 836 609 amicas
848 592 891 609 atti-

266 627 301 648 net,
314 625 426 643 Anactoriani
439 627 456 643 et
469 625 568 648 Anagoram
584 625 656 643 eandem
669 627 728 650 atque⁴
739 630 792 643 unam
811 630 848 643 esse
861 624 891 643 de-

267 659 401 677 monstravimus
414 664 539 682 numerumque
552 665 612 677 earum
625 659 694 682 Cydrus
714 659 783 677 nomine
797 665 807 677 e
821 664 891 682 corrup-

267 692 290 710 tis
303 692 395 715 scripturis
408 694 456 710 eruto
469 693 554 710 auximus.
573 693 610 711 Iam
629 686 726 711 sub-finem
743 693 892 711 commentationis

268 725 378 749 Sapphonem
391 731 480 749 nunquam
494 727 619 749 epigrammata
632 726 723 749 scripsisse
729 732 764 744 nun
771 726 823 749 primi
836 727 893 744 anim-

269 759 380 778 advertimus.

319 793 347 810 En
359 793 393 810 tibi
404 793 480 811 fructum
499 793 563 811 laboris
582 799 593 811 a
606 793 655 811 nobis
675 798 706 816 pro
725 793 791 811 viribus
811 794 893 817 suscepti,

271 832 321 849 quem
335 827 365 845 etsi
378 832 413 845 non
426 827 493 849 largum
513 832 551 845 esse
569 828 656 850 statueris,
676 829 734 846 tamen
753 827 820 846 nullum
836 827 894 846 dicere

272 866 306 878 non
319 860 395 878 audebis⁴
415 860 473 879 Unum
493 863 550 879 autem
567 863 598 884 est.
618 861 663 884 quod
676 861 750 879 maxime
762 861 858 884 timeamus,
872 867 894 879 ne

272 894 310 917 quis
323 896 414 917 propterea
426 900 437 912 a
450 894 514 912 nostris
527 896 622 917 avertatur,
635 894 681 917 quod
697 899 732 912 noxi
745 900 798 912 novas
811 894 894 917 quasdam

273 928 362 950 opiniones
375 927 396 946 de
408 927 488 950 Sapphus
507 928 544 946 vita
562 928 648 950 sagaciter
661 928 767 950 excogitatas
786 929 895 951 proposueri-

274 966 317 983 mus7
331 960 361 979 sed
373 960 473 984 plerumque
486 961 551 979 tradita
564 963 661 979 sustentare
680 963 732 985 atque
745 962 790 980 tueri
809 961 895 979 studueri-

274 999 318 1016 mus,
331 993 375 1016 qnod
388 993 461 1012 fortasse
473 999 558 1013 nonnemo
572 999 674 1017 regressum,
688 1000 722 1013 non
732 1000 841 1017 progressum
849 994 896 1012 dixe-

275 1028 303 1045 rit,
317 1027 366 1050 Quod
379 1028 464 1051 imprimis
477 1028 495 1046 iu
508 1033 528 1046 ea
541 1028 593 1051 cadit,
606 1033 650 1051 quae
663 1028 725 1047 Suidas
744 1028 766 1046 de
778 1028 859 1051 Sapphus
871 1028 896 1046 sa-

275 1061 323 1079 milia
336 1061 427 1079 memoriae
439 1061 521 1084 prodidit;
534 1067 579 1085 quae
591 1062 649 1080 omnia
662 1067 683 1079 ex
695 1062 770 1085 optimae
788 1063 839 1079 notae
851 1061 898 1079 fonte

276 1100 286 1112 a
299 1094 353 1112 Suida
364 1095 391 1112 vel
404 1095 461 1118 potius
474 1095 561 1118 Hesychia
573 1096 637 1114 hausta
656 1101 693 1113 esse
706 1097 767 1113 contra.
782 1096 898 1113 recentiorum

277 1130 372 1146 commenta
378 1128 465 1151 plerisque
472 1129 617 1152 applaudentibus
624 1129 691 1151 prolata
699 1129 763 1151 optime
770 1128 838 1147 defendi
849 1134 900 1151 posse

277 1161 387 1180 ostendimus.
400 1162 461 1185 Itaque
474 1162 503 1180 hic
516 1168 582 1185 quoque
594 1168 657 1180 novum
664 1164 785 1184 argumentum
795 1162 900 1184 protulimus

277 1198 337 1214 contra
350 1201 383 1218 eosy
396 1196 426 1218 qui
439 1196 501 1219 omnia,
515 1201 559 1219 quae
571 1195 617 1218 apud
631 1196 730 1218 posterioris
750 1196 812 1214 aetatis
825 1196 901 1218 scripto-

278 1236 305 1248 res
317 1230 433 1252 reperiuntur,
446 1232 526 1252 suspecta
539 1230 613 1252 fictaque
632 1235 668 1248 esse
681 1235 782 1252 persuasum
803 1230 870 1247 habent
877 1229 901 1252 ³⁶).

332 1291 343 1308 ⁶)
353 1290 424 1305 Subscrino
434 1291 517 1305 senteutiam
526 1290 592 1307 anonymi
602 1290 651 1304 iurllcis
664 1290 728 1305 Sittliani
738 1290 771 1304 libri
781 1289 796 1303 in
806 1289 842 1303 Neue
853 1289 903 1306 philol.

278 1314 359 1330 Buudscliuu
369 1317 381 1328 u.
392 1314 407 1328 15
416 1314 433 1330 (ι.
449 1314 491 1331 1886),
501 1318 514 1331 p.
524 1314 550 1329 244
559 1313 581 1327 hia
591 1313 637 1327 verbis
647 1317 730 1331 expressam:
740 1312 829 1327 ‹llukritiach
839 1312 867 1326 unrl
876 1316 904 1327 un-
