3784 6014
693 527 889 618 ..ea-

169 772 359 863 splendoris
385 775 560 846 notionem
586 776 712 866 inesse,
738 799 827 868 quae
853 778 1035 869 explicatio
1061 779 1091 848 ei
1117 781 1303 852 transitum
1317 793 1417 871 praee

167 909 235 1000 bet,
262 916 301 982 ut
327 908 395 983 iam
420 912 626 1003 monuimus,
654 909 698 984 ad
725 910 810 983 illud
836 917 1076 1004 commentum,
1101 933 1168 1010 quo
1179 933 1242 1004 per
1256 912 1415 1003 Sapphus

167 1064 291 1114 nomen
316 1045 468 1133 genuine
494 1025 612 1116 lunam
639 1043 825 1134 designari,
853 1053 971 1136 postea
984 1066 1065 1118 vero
1080 1043 1170 1117 idem
1189 1044 1234 1118 ad
1248 1048 1416 1136 poetriam

167 1176 374 1249 translatum
401 1198 475 1248 esse
501 1178 710 1268 persuadere
737 1185 890 1250 conatur.
933 1179 1030 1270 Quae
1055 1179 1172 1269 opinio
1210 1201 1286 1251 oum
1311 1174 1415 1250 nullis

167 1317 321 1384 veterum
347 1311 554 1384 testimoniis
582 1312 765 1403 innitatur,
805 1333 882 1383 cum
920 1312 997 1384 aliis
1035 1313 1109 1385 eius
1137 1313 1286 1386 hominis
1324 1313 1415 1387 docti

167 1447 359 1538 ingeniosis
385 1447 518 1519 lusibus
545 1445 721 1518 reicienda
735 1452 796 1519 est.
824 1447 936 1518 Multo
962 1449 1073 1537 magis
1099 1449 1214 1520 sobria
1241 1448 1281 1520 G.
1301 1448 1415 1522 Curtii

168 1580 342 1678 sententia
369 1585 431 1670 est,
470 1581 530 1670 qui
568 1580 589 1650 l.
617 1581 639 1650 l.
680 1602 713 1670 p.
744 1583 812 1651 699
852 1579 889 1651 id
914 1602 1039 1652 nomen
1077 1578 1167 1652 idem
1192 1582 1283 1673 quod
1310 1572 1415 1678 σοφή

167 1717 366 1809 significare
393 1719 570 1810 censear).
598 1717 662 1790 Cui
690 1719 824 1789 etiamsi
851 1717 1105 1789 concedendum
1144 1725 1197 1789 est
1228 1719 1356 1814 σαφής
1383 1724 1417 1790 et

168 1847 299 1948 σοφός
314 1851 497 1938 ¹adiectiva
523 1852 566 1923 ab
593 1849 712 1922 eadem
738 1848 856 1922 radice
881 1849 995 1922 ΣΑΙ]
1018 1849 1274 1942 derivataesse,
1301 1858 1417 1923 tamen
1529 1867 1531 1872 ·

167 1985 315 2056 alterum
341 2007 403 2076 pro
430 1984 538 2058 altero
565 1985 615 2056 ita
628 1985 791 2075 usurpari
804 2005 915 2075 posse,
942 1991 982 2055 ut
995 1973 1163 2080 Σαπφώ
1176 2006 1239 2075 pro
1252 1973 1417 2081 Σοπφώ
1527 1979 1530 1984 '

168 2118 299 2190 dictum
325 2119 381 2209 sit,
409 2139 478 2190 non
504 2123 556 2188 est
581 2117 847 2208 verisimile**);
875 2117 982 2188 Porro
1021 2115 1204 2203 doctae
1237 2117 1415 2208 epitheton

168 2272 240 2323 non
265 2249 309 2322 ad
336 2250 567 2340 Sapphonem,
594 2248 654 2320 sed
680 2248 724 2321 ad
750 2249 1066 2322 Alexandrinarum
1103 2251 1158 2323 vel
1183 2252 1417 2324 Romanarum

168 2386 381 2476 poetriarum
407 2382 590 2478 quandam,
618 2406 646 2456 a.
663 2407 695 2474 g.
714 2384 905 2474 Balbillam,
932 2384 1042 2474 magis
1068 2383 1265 2478 quadraret,
1293 2393 1333 2458 ut
1346 2386 1417 2459 Ho-

168 2521 280 2593 ratius
307 2518 420 2593 Garm.
449 2521 477 2611 I,
507 2527 537 2611 l,
567 2524 611 2592 29
639 2518 682 2592 de
707 2518 869 2610 hederis,
909 2519 1088 2591 doctarum
1126 2521 1293 2594 frontium
1318 2543 1417 2612 prae·
1534 2577 1537 2584 .

167 2652 262 2727 miis'
286 2655 440 2747 loquitur
453 2655 540 2746 aaa).
572 2655 704 2747 Quibus
731 2653 825 2726 haud
851 2674 893 2725 ex
919 2655 1078 2726 omnibus
1090 2655 1249 2747 partibus
1262 2657 1422 2747 probatis

169 2786 354 2859 sententiis
392 2788 575 2878 quominus
612 2808 724 2859 meam
762 2787 922 2877 Sapphus
961 2787 1109 2857 nominis
1155 2787 1418 2877 explicationem

168 2941 351 3012 opponam,
378 2919 467 2991 nihil
493 2920 618 2991 obstat:
644 2920 731 2990 mihi
757 2920 849 2991 enim
875 2940 913 2990 eo
940 2898 1084 2992 nomine
1115 2918 1159 2992 ad
1184 2922 1327 3008 vocis
1366 2921 1419 2993 vel

81 3151 84 3158 Ι
171 3059 355 3126 cantus
381 3053 535 3145 poetriae
561 3055 754 3126 claritatem
791 3053 900 3126 alludi
937 3054 1076 3127 videtur
1108 3057 1158 3129 ita
1188 3063 1228 3128 ut
1253 3057 1420 3151 Σαπφώ

170 3208 297 3291 sonora
322 3186 376 3259 vel
402 3188 497 3259 clara
521 3208 605 3259 voce
630 3186 823 3277 praeditam
849 3185 1032 3276 significet
1065 3187 1155 3280 quod
1181 3188 1225 3262 ad
1250 3194 1419 3283 poetriam

170 3320 254 3394 odas
280 3342 361 3392 suas
388 3327 654 3393 canentem
669 3321 773 3413 ****)
801 3321 929 3411 optime
948 3320 1119 3412 quadrare
1132 3324 1280 3398 videtur.
1309 3329 1419 3419 Quam

171 3457 242 3529 vim
256 3458 295 3529 in
308 3476 348 3528 eo
361 3455 526 3528 vocabulo
553 3457 660 3527 statui
685 3477 784 3546 posse
810 3454 909 3527 docet
921 3456 1092 3547 imprimis
1106 3453 1289 3552 Pindarus
1303 3462 1362 3552 qui
1376 3460 1420 3532 ad

281 3822 361 3889 ⁴)Of.
382 3821 440 3878 eius
458 3822 526 3877 haec
546 3822 641 3878 rerba:
668 3779 702 3878 lis
720 3819 758 3875 ist
785 3821 840 3877 mir
869 3821 1109 3895 wahrsoheinh'ch,
1138 3823 1200 3878 dass
1218 3823 1309 3881 dieser
1336 3824 1420 3882 Nemo
1523 3887 1525 3894 ,

176 3912 321 3999 (Σαπφώ)
345 3912 431 3968 soviel
442 3912 493 3968 uie
511 3911 603 3996 σοφή,
628 3911 747 3967 docta
766 3911 1063 3984 puella,bedeutot,
1075 3915 1176 3969 alsoan
1193 3913 1303 3998 σαφής,
1327 3919 1422 4000 σοφός

234 4005 241 4020 .
274 4024 296 4060 ‚⁰

171 4003 305 4159 gehtrtu)
323 4095 344 4149 A
362 4095 464 4177 σοφός
488 4092 625 4148 adiectivo
652 4091 856 4147 Aeolicum
883 4106 982 4147 nomen
999 4067 1142 4162 proprium
1166 4091 1293 4150 feminini
1312 4095 1422 4162 generis

172 4183 301 4268 Σύφω
335 4181 547 4252 exspectandum
575 4183 645 4252 erat,
676 4182 834 4272 comparato
861 4181 936 4237 llom.
956 4182 989 4237 Il.
1018 4181 1062 4252 VI,
1082 4195 1106 4237 v.
1129 4182 1187 4239 153:
1219 4183 1421 4268 Σίσυφος

174 4289 333 4374 Αἰολίδης.

254 4398 306 4467 m)
321 4391 352 4457 'si
372 4415 404 4456 aa
422 4399 541 4454 nominis
559 4399 682 4467 poetriae
702 4398 848 4468 derivatio,
867 4391 948 4464 ¹quam
968 4397 1078 4454 (turtius
1096 4397 1248 4469 proposuit,
1267 4400 1422 4469 vacuasset,

173 4490 266 4575 Σοφώ
303 4490 459 4558 significare
496 4488 583 4558 possit
620 4489 793 4544 musicae
831 4490 867 4543 et
895 4489 1031 4556 poesis
1068 4489 1251 4559 peritam,
1287 4491 1318 4544 ut
1345 4489 1422 4546 Pind.

173 4581 255 4650 Pyth.
284 4580 328 4650 ll,
357 4580 407 4637 295
436 4579 572 4647 cyrenaei
600 4579 673 4635 cives
701 4579 815 4648 propter
842 4579 961 4633 musicae
1000 4580 1027 4633 et
1054 4578 1143 4646 poesis
1176 4578 1307 4648 peritiam
1334 4577 1423 4665 σοφοὶ

173 4671 314 4727 ‹licumun

239 4758 305 4826 ****)
323 4759 363 4817 uf.
383 4759 454 4827 hag.
477 4763 517 4816 11:

584 4830 673 4896 roae
697 4835 755 4896 νῦν
777 4826 913 4915 ἑταίραις

478 4943 550 5022 ταῖς
573 4937 673 5024 liddam
698 4941 816 5024 τέρπνα
840 4935 939 5014 κάλως
961 4934 1032 5001 αἐί
1045 4958 1105 5016 σω,
