3784 6014
736 543 926 623 ..83-

206 775 330 867 ltaque
368 777 426 850 hic
463 799 598 873 quoque
636 779 807 870 quendam
846 783 1065 874 Sapphonem
1104 785 1170 858 hoc
1195 784 1293 860 modo
1326 779 1452 880 alloqui

206 912 354 1028 uoluisse
391 935 520 1003 ponere
566 921 674 1004 potes:
714 912 758 986 Ὁ
797 919 840 988 K
850 903 1096 1003 ερκόλας
1142 915 1202 992 ου’
1239 916 1451 1023 asportabat

206 1056 270 1120 σοι
298 1045 501 1143 φαίνεται,
529 1048 562 1118 h.
591 1069 619 1119 e.
648 1047 808 1120 Cercolas
834 1056 947 1121 tecum
973 1052 1065 1123 coire
1089 1074 1160 1124 non
1186 1051 1334 1145 videtum
1361 1061 1452 1134 atta·
1563 1127 1569 1138 ,

204 1202 282 1254 men
308 1203 372 1274 pro
398 1179 561 1272 Cercolae
598 1182 755 1271 coniugis
792 1204 876 1255 voce
913 1185 1040 1256 comice
1072 1175 1286 1296 Μισγόλαν
1324 1192 1451 1282 posuit,

205 1336 271 1406 quo
295 1315 387 1388 facto
413 1317 544 1389 comice
569 1315 621 1389 vis
648 1315 855 1407 duplicatur:
881 1317 1032 1409 primum
1058 1321 1152 1392 enim
1180 1342 1218 1394 eo
1244 1323 1384 1396 nomine
1409 1322 1454 1395 ad

204 1451 439 1560 μίσγεσθαι,
477 1453 623 1527 verbum
661 1451 839 1545 alluditur,
879 1453 970 1545 quod
1008 1455 1078 1527 iam
1109 1455 1192 1528 inde
1229 1458 1272 1529 ab
1304 1457 1453 1533 Homero

203 1587 480 1677 frequentissime
504 1586 548 1681 de
574 1588 666 1659 coitu
692 1588 938 1678 usurpabatur3
963 1609 1067 1679 porro
1093 1597 1219 1681 autem,
1244 1590 1349 1682 ‚quod
1372 1610 1453 1683 gra-

203 1721 281 1793 vius
308 1725 370 1813 est,
397 1721 599 1794 eonomine
624 1719 781 1794 adhibito
825 1723 974 1794 comicus
1000 1710 1213 1796 occasionem
1252 1731 1375 1798 nactus
1401 1735 1454 1800 est

203 1857 365 1930 infamem
389 1857 486 1929 illum
511 1857 697 1948 Misgolam
722 1857 974 1952 paederastam,
1000 1858 1178 1951 aequalem
1204 1883 1314 1953 suum,
1354 1863 1452 1936 velli-

204 1991 305 2065 candi
329 1991 457 2065 additis
482 1994 609 2066 verbis:
649 1993 833 2068 dodorim
860 1999 954 2080 rote
982 1989 1131 2070 νέοισιν
1161 1993 1455 2096 ἠρεθισμένος.-

203 2126 324 2218 Itaque
349 2148 391 2199 ex
416 2128 481 2201 hoe
506 2128 667 2202 Timoclis
683 2118 886 2219 'hagaeno
912 2129 1070 2203 concludi
1096 2136 1211 2221 potest
1238 2119 1451 2234 Κερκόλας

204 2283 328 2336 nomon
364 2285 434 2337 non
472 2285 494 2338 a
532 2265 670 2337 comicis
708 2263 837 2356 fictum,
877 2263 937 2337 sed
975 2287 1096 2339 verum
1133 2265 1295 2358 Sapphus
1333 2269 1451 2342 mariti

203 2398 311 2472 fuisse
324 2401 370 2492 ²⁸),
410 2420 523 2491 neque
560 2402 719 2491 antiquos
759 2421 834 2472 eam
872 2398 1161 2490 significationem
1207 2402 1239 2472 ei
1277 2402 1455 2494 tribuisse,

204 2553 305 2623 quam
332 2553 374 2604 ex
398 2535 630 2606 recentiorum
655 2534 838 2607 sententiis
878 2535 915 2606 in
942 2554 981 2606 eo
1006 2535 1122 2606 inesse
1159 2536 1197 2606 in
1222 2535 1347 2627 vulgus
1378 2557 1453 2610 ere

204 2664 298 2740 ditur
311 2665 378 2759 **).

299 2802 374 2873 Iam
399 2802 509 2902 igitur
546 2823 624 2873 cum
663 2799 824 2892 Sapphus
862 2801 979 2873 mariti
1017 2801 1166 2873 nominis
1198 2801 1452 2894 interpretandi

203 2933 306 3010 aliam
331 2936 501 3010 rationem
527 2936 789 3027 ostenderimus,
816 2957 884 3026 qua
911 2936 1131 3027 comprobata
1155 2937 1365 3009 recentiores
1391 2937 1452 3010 ho-

202 3068 311 3141 mines
337 3067 454 3142 doctos
481 3069 566 3161 ipsis
592 3068 746 3160 antiquis
770 3069 809 3140 in
835 3068 1107 3142 obscenitatibus
1132 3043 1352 3141 inveniendis
1377 3069 1451 3160 pal-

138 3299 140 3303 ]
201 3225 290 3276 mam
316 3204 551 3296 praeripuisse
575 3225 646 3277 non
662 3202 843 3275 'immerito
863 3200 1004 3295 dixeris,
1019 3209 1140 3292 restat,
1156 3209 1196 3276 ut
1208 3202 1252 3275 de
1278 3202 1451 3278 Gereo-

201 3334 278 3410 lae
302 3339 480 3429 patria
504 3343 660 3411 nostram
686 3337 895 3411 sententiam
920 3357 1163 3430 proponamus,
1207 3337 1252 3410 de
1277 3359 1345 3430 qua
1371 3338 1455 3418 Sui·-

202 3469 264 3545 das
289 3471 311 3542 l.
338 3471 360 3563 l.
388 3472 474 3545 haec
499 3471 685 3546 memoriae
710 3470 867 3574 tradidit:
893 3465 1091 3577 ἐγαμήθη
1130 3460 1173 3544 cle*
1199 3460 1318 3572 a'odpl
1345 3475 1450 3577 Kap-

201 3593 312 3706 κύλᾳ
338 3596 677 3713 πλουσιωτάτῳ,
704 3604 1036 3711 ὁρμωμένῳ
1056 3605 1169 3680 11πό
1189 3599 1465 3720 ''Aodpom

306 3794 329 3863 ⁶)
346 3796 422 3853 liure
441 3796 461 3852 l.
480 3798 500 3854 1.
519 3811 546 3866 p.
567 3797 618 3854 192
638 3748 672 3852 er
691 3795 824 3854 ovidiana
852 3797 982 3869 epistula,
1011 3797 1059 3853 ubi
1078 3796 1110 3852 de
1129 3795 1254 3866 poetriae
1273 3796 1450 3855 matrimonio

198 3886 272 3950 nihil
299 3886 404 3943 dictum
424 3888 474 3958 est,
494 3886 666 3957 Sapphonem
694 3887 840 3957 innuptam
867 3887 953 3944 fuisse
979 3887 1127 3943 concludit.
1150 3886 1192 3943 ut
1219 3899 1331 3959 seems»,
1349 3887 1450 3959 inquit,

200 3977 377 4048 «menedimo,
397 3976 462 4032 that
480 3992 497 4033 a
515 3977 579 4046 poet
597 3975 628 4032 of
645 3975 726 4033 Ovids
748 3977 821 4033 taste
840 3976 895 4032 and
913 3975 1106 4032 disomnment.
1118 4019 1142 4032 ..
1162 3975 1261 4031 should
1278 3975 1358 4032 have
1369 3976 1451 4031 omit-

195 4067 247 4131 ted
274 4066 323 4121 the
341 4067 408 4135 part
435 4065 466 4122 of
481 4065 533 4122 her
559 4065 670 4134 history
698 4067 759 4122 best
787 4065 943 4123 calculated
971 4067 999 4121 to
1028 4065 1149 4123 enhance
1176 4065 1223 4122 the
1252 4065 1337 4122 effect
1356 4065 1387 4144 of
1403 4066 1450 4122 his

200 4160 291 4230 elego,
310 4158 350 4226 by
368 4156 494 4228 pathetio
522 4156 702 4227 apostrophos
729 4155 759 4212 of
784 4155 831 4212 the
860 4155 991 4212 afflicted
1017 4156 1152 4228 latrone,
1180 4158 1209 4213 to
1227 4157 1279 4212 her
1296 4158 1362 4228 part
1379 4158 1450 4228 days

199 4248 229 4305 of
245 4261 329 4319 peace
347 4247 379 4303 in
397 4246 444 4302 the
473 4245 632 4316 enjoyment
660 4246 690 4302 of
715 4260 751 4303 an
782 4246 910 4303 innocent
928 4249 999 4318 love,
1019 4261 1050 4302 or
1067 4247 1106 4302 to
1124 4247 1193 4302 her
1210 4247 1449 4304 uidowhood

199 4337 683 4407 astheprimarysouroe
703 4336 1153 4406 orherprasentcrine
1181 4337 1449 4394 1111111111.

199 4429 386 4498 0111111111
404 4427 450 4485 vir
477 4427 621 4494 quisquam
638 4428 677 4484 ·ei
695 4428 795 4484 erodet·
821 4443 887 4483 nam
905 4427 930 4483 si
947 4428 1057 4498 poetria
1076 4427 1206 4483 amissum
1224 4428 1358 4483 maritum
1376 4431 1448 4484 tam·

197 4534 280 4587 quam
299 4533 410 4574 oausam
426 4518 470 4574 sui
488 4518 518 4574 in
536 4517 672 4575 Phaonem
700 4518 801 4574 amoris
828 4517 1016 4588 praetulisset,
1044 4518 1162 4587 incaute,
1190 4531 1225 4574 ne
1244 4516 1335 4574 diuam
1354 4519 1448 4589 stulte,

198 4608 437 4676 oausamegisset.
458 4607 636 4674 Quamobrem
664 4608 745 4676 louge
765 4607 899 4677 optimum
917 4610 979 4663 erat
997 4607 1028 4662 in
1046 4607 1098 4664 illa
1117 4606 1239 4677 epistula
1258 4607 1390 4664 maritum
1410 4608 1447 4664 si·

197 4698 286 4759 lentio
308 4696 542 4769 praetermittere,
561 4697 632 4763 quod
652 4696 763 4754 Ovidius
781 4697 857 4754 fecit

291 4788 329 4858 **)
346 4789 376 4849 Si
394 4789 520 4846 doroolae
538 4789 880 4859 nomenohsaenumesset,
899 4789 959 4844 tum
973 4788 1004 4843 in
1022 4787 1215 4846 (tereidae
1233 4801 1339 4861 quoque
1359 4788 1450 4856 liega-

197 4879 347 4951 lopolitani
364 4878 559 4949 iambographi
576 4877 695 4950 nomine,
723 4877 755 4933 de
774 4892 826 4945 quo
845 4892 871 4934 v.
891 4877 983 4934 hisch.
1004 4877 1091 4946 degn.
1110 4893 1137 4947 p.
1157 4878 1218 4948 574,
1238 4877 1333 4933 eadem
1357 4879 1449 4933 obsce·

196 4972 272 5028 nitas
299 4971 410 5028 inesset:
429 4971 460 5026 at
477 4969 582 5025 nomini
608 4983 729 5036 unquam
756 4967 787 5023 in
804 4969 923 5024 mentem
950 4967 1036 5040 venit,
1063 4969 1096 5023 ut
1114 4967 1143 5023 id
1170 4982 1268 5024 nomen
1286 4968 1316 5023 in
1335 4968 1449 5025 dubium

199 5062 312 5126 voearet
329 5063 374 5122 vel
393 5077 410 5119 1
428 5061 540 5118 comicis
558 5060 647 5132 poetis
664 5059 765 5116 fictum
786 5072 843 5126 esse
862 5057 1030 5119 adfirmaret.
1187 5132 1232 5210 6*
