3736 6012
1008 536 1207 610 ..20-

481 768 606 840 aetatis
631 767 794 840 damnum
820 768 898 840 aliis
924 769 1035 860 iisque
1061 768 1154 842 haud
1196 767 1399 859 spernendis
1437 767 1538 840 benis
1564 764 1732 858 quodam-

482 901 583 974 modo
609 904 825 993 compensari
852 903 1026 996 ostendet,
1053 903 1093 976 ci.
1122 926 1154 976 v.
1185 909 1228 975 27
1257 924 1329 996 sqq.

1071 1132 1148 1206 vn.
1270 1087 1275 1100 ’

577 1328 620 1402 V.
663 1334 731 1402 135
771 1331 993 1403 menifestum
1031 1331 1215 1420 vestigium
1255 1329 1383 1420 prioris
1423 1350 1542 1402 versus
1566 1328 1653 1420 frag.
1684 1333 1730 1428 95

479 1463 779 1557 deprehendimus,
818 1461 965 1538 Ovidius
1004 1471 1142 1538 tantum
1167 1435 1330 1536 euroram
1357 1483 1436 1536 cum
1462 1462 1539 1537 Sole
1578 1484 1730 1537 commu-

478 1600 576 1672 tevit:

575 1733 1727 1807 AtcumseTitenostenditetomniaseeum..

577 1864 763 1964 Γέσπερε,
791 1863 931 1942 πάντα
958 1863 1108 1972 φέρων,
1136 1865 1212 1941 ὅσα
1238 1858 1453 1963 φαίνολ
1470 1892 1519 1957 ις
1546 1859 1729 2058 ἐρκὲδαὶξζΊ

1506 1986 1660 2054 avec
1721 2021 1727 2034 .

1055 2196 1150 2269 VIII.

573 2392 616 2466 V.
647 2397 716 2467 105
755 2393 895 2485 Sappho
933 2394 1091 2486 queritur
1128 2414 1165 2466 se
1189 2393 1321 2466 Phaoni
1364 2394 1402 2465 in
1427 2392 1583 2468 Siciliam
1622 2393 1727 2486 profi-

477 2529 620 2602 ciscenti
645 2550 690 2602 ne
715 2530 858 2602 unicum
884 2527 1022 2621 quidem
1049 2527 1250 2601 mandatum
1277 2526 1359 2601 dere
1384 2529 1549 2621 potuisse,
1594 2530 1729 2604 scilieet

474 2682 581 2735 nese
605 2661 769 2735 oblivioni
794 2659 956 2735 traderet.
984 2660 1183 2734 Novissima
1207 2662 1314 2735 verbe
1337 2662 1425 2754 frag.
1454 2667 1497 2734 21
1526 2670 1725 2737 recurrunt:

902 2794 1024 2888 Neque
1049 2796 1141 2867 enim
1168 2794 1332 2869 mandate
1357 2794 1528 2870 dedissem

619 2932 709 3026 Ulla,
736 2932 1547 3006 nisiutnollesimmemoressemei.

728 3057 974 3162 Ἐμεθεν
1013 3055 1051 3137 d‘
1088 3062 1342 3161 ἔχεισθα

473 3215 475 3218 ·
618 3190 894 3293 move.
1335 3233 1339 3240 ·

1070 3429 1130 3502 IX.

571 3625 644 3699 Iam
672 3625 763 3719 quod
789 3627 946 3717 sequitur
971 3626 1188 3700 decurtatum
1213 3626 1302 3716 frag.
1329 3629 1388 3697 22:

1113 3757 1219 3834 eie
1258 3747 1539 3851 sisoim)
1837 3825 1838 3832 Ν

781 3882 1701 3994 ἅνθρῶπωνέμεθενφέλησθα...

469 4029 617 4104 eonierri
641 4038 756 4121 potest
781 4051 860 4102 eum
885 4031 984 4122 epist.
1012 4052 1043 4102 v.
1073 4034 1130 4102 51:

614 4163 718 4237 Nunc
742 4163 807 4237 tibi
833 4162 1101 4237 Sicelides
1126 4163 1352 4235 veniunt
1376 4181 1504 4234 nove
1528 4157 1722 4328 prelileda

1494 4278 1587 4350 pue
1651 4279 1719 4330 ae.
1836 4321 1837 4330 i

573 4613 595 4680 *)
614 4613 653 4671 cf.
673 4615 749 4670 infre
767 4628 793 4682 p.
812 4616 856 4671 46.

559 4703 600 4771 ”i
615 4706 653 4762 dx
672 4703 784 4772 Bergkii
802 4703 968 4774 coniecturae
987 4704 1044 4760 eod.
1062 4702 1177 4770 λάθαν.

546 4785 652 4861 **’)Ἢ
672 4795 848 4864 perticulam,
868 4810 885 4849 e
903 4807 957 4861 que
976 4793 1026 4848 hee
1045 4793 1116 4862 frag.
1145 4794 1218 4863 apud
1236 4793 1384 4862 Bergidum
1403 4791 1519 4862 orditur,
1547 4790 1649 4864 delevi3
1674 4795 1718 4848 est

466 4886 538 4941 enim
556 4886 704 4957 Apollonii,
723 4898 777 4939 nen
797 4885 927 4954 poetriae.
