3736 6012
983 472 1176 544 ...24-

455 697 567 774 Simili
592 699 692 774 modo
716 702 850 793 poetria
876 701 997 776 affecta
1024 723 1100 775 esse
1123 710 1270 795 poterat,
1315 726 1391 776 cum
1417 702 1464 775 ad
1488 704 1597 797 lyram
1630 723 1716 774 con-

454 854 556 907 versa
582 855 622 906 ea
646 833 863 928 exclamavit,
890 856 979 927 quae
1003 836 1092 926 frag.
1122 840 1168 908 45
1193 835 1352 926 legimus:

646 961 756 1064 Ἀγε
782 961 830 1064 δή
859 966 964 1070 χέλ
982 990 1014 1045 v
1040 961 1110 1046 tta
1138 992 1219 1066 μοι

652 1102 951 1200 φωνάεσσα
975 1103 1130 1214 γένοιο.

1047 1339 1122 1412 XV.

556 1533 599 1607 In
628 1534 688 1608 illa
713 1535 860 1608 Naiadis
886 1537 1060 1631 nymphae
1084 1536 1166 1608 sede
1192 1535 1419 1609 describenda
1446 1537 1491 1628 (v.
1523 1540 1589 1609 157
1617 1538 1719 1628 sqq.)

459 1667 584 1743 ovidio
610 1669 772 1762 Sapphus
799 1692 950 1763 carmen,
979 1673 1077 1743 cuius
1103 1671 1291 1744 frustulum
1330 1671 1417 1761 frag.
1445 1676 1468 1742 4
1494 1676 1617 1764 exstat,
1654 1670 1721 1743 ob-

458 1811 634 1877 versatum
673 1825 748 1877 esse
773 1806 842 1878 iam
868 1805 985 1896 Bergk
1023 1805 1068 1878 ad
1094 1806 1128 1877 h.
1155 1805 1177 1878 l.
1206 1807 1352 1897 monuit,
1391 1807 1568 1879 Romanus
1608 1809 1721 1896 poeta

459 1941 596 2009 tanturn
621 1936 780 2044 arborem
806 1939 975 2011 Punicam
1000 1937 1070 2012 loto
1097 1940 1332 2012 commutavit:

611 2072 676 2144 Est
701 2071 834 2144 nitidus
860 2074 1018 2164 vitroque
1045 2074 1156 2163 magis
1181 2072 1379 2165 perlucidus
1405 2077 1498 2146 omni

661 2206 754 2281 Fons
780 2227 878 2280 sacer
893 2265 900 2280 .
918 2265 924 2280 .
943 2209 977 2302 *l
1567 2183 1569 2188 ,

609 2343 1042 2436 Quemsupraramos
1069 2344 1666 2437 extenditaquaticalotos

658 2475 738 2550 Una
764 2499 897 2551 nemus,

656 2606 791 2710 Ἀμφὶ
818 2601 864 2684 ola*
889 2612 1059 2716 ψύχρου
1100 2602 1256 2686 κελάδει
1284 2602 1557 2688 1111111
1678 2587 1681 2594 ¹

658 2735 804 2842 μαλί
819 2767 837 2814 ν
850 2767 884 2816 ω
899 2767 928 2833 ν,
957 2740 1284 2840 αἰθυσσομένων
1311 2736 1357 2820 dh*
1383 2735 1561 2844 φύλλων

763 2879 881 2974 κῶμα
908 2883 1204 2986 1111111111).

464 3010 502 3084 Si
527 3011 757 3101 Hermogenis
783 3013 899 3105 verba,
926 3016 983 3106 qui
1008 3014 1051 3086 de
1064 3016 1162 3088 form.
1190 3024 1276 3088 orat.
1295 3015 1341 3106 ll,
1369 3021 1392 3087 4
1422 3016 1530 3108 (apud
1556 3015 1720 3108 Spengel.

465 3144 583 3216 Rhett.
612 3165 664 3234 gr.
692 3145 727 3215 Il
764 3168 798 3237 p.
828 3148 912 3239 358)
955 3147 1041 3220 haec
1067 3148 1133 3221 duo
1159 3147 1355 3238 fragmenta
1394 3151 1553 3241 servavit,
1593 3171 1723 3239 urgere
1844 3213 1845 3258 3

464 3279 561 3371 uelis,
575 3286 650 3351 tum
677 3281 866 3353 fontem
892 3303 1029 3374 quoque
1043 3290 1077 3354 et
1102 3289 1176 3374 poi
1192 3307 1223 3380 χ
1238 3303 1264 3384 ρ
1280 3307 1303 3354 o
1319 3308 1336 3355 ν
1364 3284 1482 3357 eadem
1498 3305 1571 3356 esse
1584 3291 1722 3357 statuas
1833 3296 1835 3306 '

467 3435 607 3485 neeesse
634 3415 710 3487 erit:
737 3435 818 3486 narn
844 3416 964 3487 rhetor
989 3415 1047 3488 ille
1072 3418 1242 3522 ψύχρον
1268 3419 1313 3490 fr
1329 3419 1341 3489 1
1355 3440 1378 3508 g
1392 3419 1403 3489 1
1419 3417 1440 3488 d
1455 3442 1475 3491 a
1489 3442 1522 3490 m
1549 3420 1566 3489 1
1575 3441 1594 3491 o
1608 3441 1632 3491 n
1645 3425 1661 3489 t
1676 3421 1690 3490 i
1706 3440 1722 3489 s

579 3796 601 3864 *)
618 3796 679 3853 Birt
697 3798 747 3852 1,1.
766 3809 793 3864 p.
803 3796 856 3853 4311
875 3796 958 3864 putat
975 3795 1049 3850 huno
1068 3809 1178 3851 versum
1196 3809 1354 3864 expressum
1364 3810 1421 3851 esse
1433 3810 1447 3851 e
1458 3795 1565 3851 Gallim.
1575 3793 1648 3862 frag.
1659 3795 1723 3850 298:

680 3887 788 3968 Κρήνη
812 3888 924 3949 λευκὸν
949 3883 1031 3968 ὕδωρ
1055 3885 1241 3972 ἀνέβαλλεν.

467 3996 541 4052 Idem
559 4008 640 4064 porro
660 4009 686 4062 p.
706 3994 758 4051 432
778 3995 846 4051 extr.
865 3997 942 4050 nullo
962 3994 1117 4062 fragmento
1146 3994 1233 4050 allato
1251 3991 1335 4062 ‘apud
1355 3991 1556 4050 Callimachum
1583 3991 1723 4061 poetriarn

468 4085 568 4140 adiisse
596 4085 701 4140 fontem
729 4098 939 4152 numerosaeque
968 4085 1008 4140 ihi
1037 4086 1162 4152 querelas
1181 4082 1307 4138 edidisse’
1334 4082 1424 4152 tingit.
1453 4083 1522 4140 Sane
1551 4082 1653 4138 mirum
1677 4085 1724 4137 est

467 4175 580 4243 Bergkii
599 4174 803 4230 annotationem
823 4175 881 4231 viro
901 4176 994 4244 sagaci
1013 4175 1136 4244 ignotam
1154 4173 1249 4244 fuisse3
1268 4187 1336 4240 quae
1355 4172 1410 4226 nisi
1430 4187 1491 4228 eum
1509 4172 1635 4242 fugisset,
1660 4173 1723 4228 sine

469 4264 550 4320 (lubio
570 4279 631 4319 eum
649 4263 844 4334 prohibuisset,
864 4265 1007 4330 quominus
1026 4262 1258 4320 incallimaoheis
1277 4262 1359 4316 huius
1377 4261 1502 4317 Heroilis
1521 4260 1724 4317 similitudines

469 4353 663 4422 aucuparetur.

561 4441 599 4510 **)
617 4445 693 4499 liano
720 4443 931 4512 descriptionem
960 4444 1065 4500 veteres
1092 4443 1230 4513 imprimis
1258 4444 1288 4498 in
1316 4442 1424 4499 delioiis
1452 4442 1601 4512 habebant,
1629 4444 1661 4497 ut
1688 4457 1724 4498 ex

469 4533 638 4590 Demetrio
658 4536 723 4589 eloe.
745 4549 765 4589 1,
788 4535 837 4590 132
855 4533 991 4600 (Spengel.
1011 4532 1102 4589 1111111.
1123 4548 1164 4601 gr.
1184 4535 1226 4589 111
1244 4549 1270 4602 p.
1291 4531 1523 4601 1901111111
1546 4531 1642 4586 rhetor
1661 4545 1725 4588 eam

469 4623 624 4692 respexisse
638 4611 762 4692 uidetur,
782 4637 844 4676 oum
862 4621 939 4677 dicit:
958 4620 1018 4684 εἰσὶ
1041 4622 1080 4686 δέ
1103 4621 1136 4686 αἱ
1160 4621 1189 4682 iv
1213 4632 1278 4698 τοῖς
1302 4620 1464 4705 πράγμασι
1497 4618 1633 4704 χάριτες,
1657 4613 1725 4683 οἶον

471 4721 702 4796 supputet
736 4718 892 4804 1177111,
929 4709 1077 4794 opinator,
1116 4713 1229 4796 ἔρωτες,
1265 4706 1324 4793 ὅλη
1353 4711 1373 4794 ἡ
1399 4714 1555 4794 Σοπφοῠς
1589 4711 1722 4792 ποίησις.

470 4821 566 4885 Itaque
586 4819 696 4874 Ovidius
715 4833 818 4884 quoque
838 4817 930 4874 faeere
949 4831 1003 4872 non
1022 4819 1120 4888 potnit,
1141 4819 1207 4883 enin
1227 4805 1530 4875 enmlooumimit'anolo
1546 4815 1724 4890 exprimeret,

471 4912 623 4979 praeeunte
642 4909 754 4968 Horatio
774 4908 855 4977 upon.
878 4913 902 4977 2,
923 4910 965 4978 27;
985 4923 1008 4967 v.
1029 4911 1116 4978 Bergk
1137 4911 1171 4965 ad
1190 4911 1216 4975 h.
1237 4912 1256 4965 1.
