3736 6012
1019 549 1188 628 ..0-

478 776 672 857 studiorum
696 787 916 874 propagator,
943 802 973 854 1.
1006 785 1098 856 1876
1125 783 1220 856 illam
1246 782 1432 856 Heroidem
1476 780 1601 856 Ouidio
1625 781 1725 854 resti-

477 917 576 986 tuere
612 920 755 987 conatus
793 921 846 988 est
883 915 922 988 in
960 913 1202 1010 disquisitione
1244 939 1333 1010 quae
1358 918 1574 992 inscribitur:
1612 917 1727 1006 ,Sulla

477 1047 622 1138 epistola
661 1046 834 1122 Ouidiana
871 1046 907 1122 di
946 1049 1629 1143 811111111111“,11111Ρ11111111111
1672 1050 1726 1123 del

477 1181 643 1258 Instituto
668 1183 705 1256 di
730 1181 831 1258 Studi
857 1184 1035 1277 Superiori
1062 1187 1100 1260 in
1126 1163 1284 1278 Firenae,
1311 1187 1356 1278 ll,
1387 1191 1418 1279 l,
1444 1209 1474 1260 a.
1502 1186 1569 1260 Cui
1594 1188 1727 1278 astipu-

477 1317 570 1393 latus
596 1324 650 1391 est
674 1318 846 1413 Bthrens,
872 1321 931 1414 qui
957 1321 995 1393 in
1019 1321 1147 1422 litteris
1178 1321 1222 1395 ad
1249 1320 1524 1414 Comparettium
1555 1321 1667 1395 datis“
1692 1323 1726 1414 *)

479 1452 670 1543 complures
708 1453 783 1526 eius
821 1453 987 1545 epistulae
1024 1455 1114 1529 locos
1141 1455 1334 1546 explicabat
1373 1461 1477 1550 atque
1513 1454 1727 1529 emendabat.

479 1586 521 1660 ln
546 1608 649 1679 quam
674 1589 907 1681 quaestionem
933 1588 1082 1684 denique
1096 1590 1196 1663 Vries
1211 1611 1346 1682 quoque
1363 1612 1466 1682 quam
1492 1590 1729 1663 sollertissime

478 1693 670 1814 inquisivit,
709 1720 768 1814 qui
804 1721 827 1792 1.
855 1721 876 1794 1.
905 1723 1065 1813 plurimis
1103 1722 1475 1797 1111011111
1514 1724 1728 1798 carminibus

479 1856 692 1948 conquisitis
734 1856 859 1948 quibus
901 1854 1113 1930 Ouidianum
1152 1857 1289 1932 dicendi
1328 1879 1439 1950 genus
1480 1861 1550 1933 lere
1581 1860 1728 1951 singulis

478 1988 635 2062 uersibus
662 1989 871 2080 deprehendi
897 1991 1017 2081 procul
1044 1990 1148 2064 dubio
1188 1990 1463 2066 demonstratum
1490 2000 1553 2086 est,
1595 1993 1728 2067 Nasoni

478 2124 564 2199 illud
577 2124 692 2198 ‘breve
705 2123 801 2216 opus’
814 2125 1016 2199 vindicavit.
1034 2126 1169 2219 Quibus
1184 2135 1372 2202 commotus
1382 2128 1583 2224 Sedlmayer
1595 2128 1727 2202 Vindo-

478 2259 651 2351 bonensis,
667 2260 725 2354 qui
741 2281 771 2332 a.
794 2264 887 2333 1886
903 2260 1069 2335 Heroides
1085 2269 1255 2353 apparatu
1270 2264 1389 2336 critico
1406 2265 1595 2337 instructas
1608 2264 1727 2356 edidit,

479 2389 640 2483 Sapphus
665 2393 847 2484 epistulam
860 2394 929 2465 iam
944 2413 1006 2466 suo
1020 2394 1094 2468 loco
1110 2395 1204 2488 (XV)
1231 2395 1489 2488 exprimendam
1504 2398 1640 2471 curauit
1656 2399 1727 2489 **);

479 2550 581 2623 quem
606 2531 719 2603 locum
745 2532 999 2623 antiquissimis
1025 2553 1158 2624 quoque
1183 2533 1398 2625 temporibus
1439 2557 1514 2609 eam
1540 2536 1730 2608 obtinuisse
1836 2545 1837 2552 ’

478 2662 653 2756 Excerpta
677 2664 837 2738 Parisino
874 2666 912 2738 in
937 2665 1049 2737 lucem
1085 2673 1264 2756 protracta
1289 2673 1464 2740 testantur
1480 2668 1580 2761 aas).
1607 2669 1729 2761 ltaque
1836 2777 1837 2780 Ἴ

479 2795 581 2872 hodie
606 2799 677 2871 iam
701 2799 773 2873 fere
798 2801 891 2873 nulli
912 2801 981 2874 nisi
1007 2802 1072 2875 toti
1097 2801 1250 2891 plumbei
1276 2801 1319 2874 de
1345 2801 1469 2876 Ouidio
1496 2804 1571 2876 eius
1597 2804 1729 2894 epistu-

478 2931 533 3005 lae
557 2939 696 3006 auotore
720 2932 893 3027 dubitant,
919 2940 960 3007 ut
984 2933 1133 3008 Ehwald
1159 2935 1342 3009 Gothanus
1367 2937 1404 3009 in
1432 2958 1581 3011 censura
1611 2959 1729 3010 eorum
1836 2975 1837 2984 =

479 3086 568 3157 quae
591 3068 829 3140 recentissime
842 3064 885 3139 (11
897 3065 1022 3141 Ouidio
1049 3070 1179 3160 scripta
1192 3075 1275 3141 sunt
1290 3070 1411 3162 asse).
1438 3069 1534 3143 Haec
1548 3070 1726 3143 hactenus.

578 3199 713 3292 Quibus
739 3199 906 3272 absolutis
945 3202 1015 3273 iam
1052 3202 1223 3290 originem
1249 3202 1352 3274 huius
1378 3202 1547 3293 epistulae
1585 3204 1729 3276 inuesti-

479 3354 612 3424 gemus,
644 3331 773 3407 Seneca
798 3341 896 3425 patre
922 3340 1009 3407 teste
1026 3335 1159 3426 11111)
1188 3332 1336 3407 Ouidius
1362 3336 1497 3408 iuuenis
1511 3334 1605 3426 apud
1631 3335 1731 3408 Arel-

480 3469 565 3540 lium
593 3467 745 3541 Fuscum
771 3467 954 3540 rhetoricis
979 3465 1106 3540 studiis
1132 3488 1271 3558 operam
1297 3469 1460 3558 navabat,
1500 3471 1559 3561 qui
1595 3468 1639 3541 ab
1664 3469 1731 3541 alio

480 3624 614 3696 quoque
638 3603 786 3694 rhetore,
813 3602 1002 3675 Latronem
1029 3600 1115 3693 dico,
1156 3602 1343 3674 nonnullas
1369 3604 1558 3676 sententias
1595 3609 1731 3676 mutua-

480 3742 537 3811 tus
563 3739 600 3810 in
626 3757 728 3810 usum
754 3756 856 3809 suum
884 3737 1065 3826 conuertit,
1092 3740 1132 3808 ut
1158 3734 1300 3808 Metam.
1318 3735 1414 3827 XHI,
1437 3741 1503 3810 121
1520 3757 1583 3830 sq,
1611 3735 1729 3809 Amor.

480 3873 509 3965 Ι,
536 3876 568 3964 2,
598 3875 640 3944 11
669 3891 718 3964 sq.
749 3870 804 3942 Ex
829 3868 963 3943 duobus
989 3876 1104 3942 autem
1131 3868 1268 3942 dicendi
1307 3872 1505 3964 generibus,
1545 3877 1732 3964 quactum

481 4003 519 4076 in
544 4000 722 4094 rhetorum
748 3999 875 4073 scholis
902 3999 1080 4092 florebant,
1108 4022 1255 4094 quorum
1270 4002 1417 4074 alterum
1437 4003 1622 4094 suasorias,
1648 4001 1732 4074 altc-

478 4154 559 4206 rum
601 4133 855 4206 controuersias
893 4132 1176 4226 amplectebatur,
1233 4131 1379 4207 Ouidius
1430 4135 1548 4207 eodem
1588 4113 1733 4206 rhetore

588 4390 611 4459 ·)
628 4391 656 4449 V.
676 4391 786 4450 ltiuista
804 4391 833 4446 di
852 4390 999 4460 lilologia,
1028 4406 1053 4447 1.
1075 4392 1151 4458 1884,
1171 4407 1215 4461 pp.
1240 4394 1506 4452 1—2l·—ltalorum
1526 4393 1668 4462 opusculis
1688 4395 1732 4450 uti

468 4483 552 4539 Λ11111
572 4498 627 4540 111
648 4482 799 4551 contigisse
819 4482 901 4537 ualde
921 4482 1008 4538 doleo.

577 4571 613 4642 “l
632 4571 670 4629 of.
692 4572 752 4627 eius
771 4572 892 4628 Praefat.
914 4587 938 4641 p.
961 4572 1020 4629 llll.

563 4660 613 4734 ***)
632 4661 661 4718 l.
680 4661 757 4718 Vries
777 4661 796 4716 l.
821 4660 840 4718 l.
859 4677 887 4730 p.
908 4665 923 4719 2
943 4676 980 4728 sq.

553 4750 617 4823 ****)
636 4750 666 4807 V.
686 4750 829 4806 Bursian’s
847 4751 1058 4806 Jahresbcricht
1077 4751 1104 4808 l.
1126 4751 1213 4812 llhlll
1242 4769 1285 4822 pp.
1309 4754 1447 4812 125—282
1468 4755 1530 4810 coll.
1551 4753 1641 4810 Ouidii
1672 4753 1733 4810 'l.l

482 4841 556 4912 apud
574 4840 744 4897 Teubnerum
762 4852 850 4908 nuper
870 4838 951 4895 odito.

545 4928 614 4957 *****
615 4933 625 4996 )
643 4929 681 4986 of.
703 4929 877 4986 controvers.
906 4929 925 4986 l.
946 4930 973 4985 Il
1004 4945 1027 4986 c.
1055 4933 1151 4999 8sqq.
1167 4933 1230 5000 '(ed.
1260 4933 1415 5006 lliesslingl,
1444 4934 1505 4996 coll.
1536 4934 1651 4994 1111111.
1681 4936 1732 4997 Go-

483 5021 608 5081 schichte
627 5021 676 5079 dor
696 5027 763 5080 rom.
786 5019 1000 5092 litaretur-(ed.
1012 5022 1038 5087 8)
1057 5036 1082 5095 p.
1103 5024 1163 5085 523.
