3736 6012
718 471 914 544 ¹-21-
1046 453 1047 463 '

188 706 308 800 ltaque
332 729 382 798 ea,
410 708 602 800 dequibus
632 710 762 797 poetria
788 709 981 797 generatim
1008 713 1111 799 atque
1137 706 1298 777 universe
1323 702 1439 775 locuta

186 846 240 912 est
266 840 360 932 (τίν’
386 831 544 934 ἄλλον),
573 843 616 914 ab
645 841 769 914 Ovidio
794 843 936 933 propius
963 841 1144 930 designata
1169 844 1261 912 sunt.

277 963 479 1066 Utrumque
504 997 584 1048 vero
610 977 697 1064 frag.
729 978 786 1066 (21
817 984 852 1046 et
879 977 952 1067 92),
980 995 1187 1066 quamquam
1215 993 1439 1067 anonymum,

187 1106 302 1199 Bergk
328 1109 506 1202 Sapphoni
532 1111 734 1202 vindicavit,
762 1133 824 1184 nos
850 1117 966 1183 autem
986 1133 1026 1182 ex
1040 1111 1193 1200 poetriae
1212 1111 1248 1180 in
1263 1107 1439 1180 Phaonem

188 1246 340 1330 carmine
360 1244 607 1338 depromptum
634 1267 708 1318 esse
734 1249 928 1338 opinamur.

719 1430 833 1549 ¹n.

284 1672 428 1748 Duobus
453 1677 620 1767 epistulae
644 1676 728 1748 locis
753 1635 892 1765 Sappho
918 1673 960 1744 de
985 1673 1135 1744 Phaonis
1168 1670 1281 1762 rigido
1313 1672 1435 1744 immo-

185 1807 318 1900 bilique
344 1811 461 1883 animo
486 1811 656 1903 queritur;
681 1811 831 1900 legimus
857 1811 949 1881 enim
975 1831 1007 1879 v.
1038 1811 1118 1880 189:

383 1940 678 2035 Oscopulis
703 1943 865 2035 undaque
887 1942 1124 2015 ferocior
1148 1941 1218 2013 illa!

186 2073 295 2147 Porro
320 2099 353 2149 v.
383 2080 452 2148 207
481 2097 546 2170 sq:

284 2207 421 2302 Ecquid
461 2231 526 2300 ago
563 2210 734 2303 precibus,
774 2216 1063 2301 pectusque
1102 2213 1315 2297 agreste
1353 2230 1439 2281 mo-

335 2407 578 2497 Aurigae
1274 2312 1439 2399 vetur,

286 2539 417 2613 Eadem
456 2544 639 2614 sententia
667 2543 704 2612 in
736 2541 805 2612 illis
845 2540 1118 2630 corruptissimis
1158 2540 1201 2610 ab
1241 2537 1439 2614 Herodiano

187 2675 286 2777 crept
311 2697 404 2772 μου.
433 2665 513 2764 aa.
543 2680 600 2767 26,
616 2679 659 2746 21
679 2677 724 2764 (v.
740 2673 902 2764 Sapphus
927 2673 1013 2761 frag.
1033 2673 1116 2764 110)
1144 2675 1291 2745 servatis
1322 2675 1438 2748 verbis

186 2830 349 2901 expressa
373 2829 447 2881 esse
474 2809 560 2905 mihi
585 2807 734 2896 videtum
761 2828 849 2899 quae
874 2809 922 2878 ita
947 2807 1078 2896 scripta
1104 2809 1306 2896 reperimus:
1334 2897 1338 2905 Ι

713 2963 757 3014 τι

398 3031 528 3116 ἄλλαν
555 3032 616 3137 μή
643 3036 903 3136 καμεστέραν
930 3035 1072 3140 φρένα.

186 3174 426 3268 Coniecturae,
454 3176 578 3269 quibus
605 3174 754 3265 AhrenS,
782 3173 957 3263 Hartung,
986 3171 1102 3260 Bergk
1128 3171 1240 3243 locum
1256 3171 1437 3265 sanabant,

186 3319 220 3383 et
246 3311 350 3396 nimis
375 3332 396 3382 a
421 3308 552 3382 tradita
577 3311 751 3399 scriptura
777 3306 944 3379 recedunt
969 3327 1081 3398 neque
1096 3311 1214 3396 aptam
1229 3308 1438 3380 sententiam

187 3446 395 3535 exprimunt.
438 3444 665 3535 Quamobrem
691 3441 848 3533 equidem
886 3442 990 3513 aliam
1028 3440 1236 3514 emendandi
1268 3444 1438 3516 rationem

186 3599 388 3670 proponam,
415 3599 635 3670 quamquam,
663 3575 752 3670 quod
779 3584 928 3649 metrum
955 3577 992 3647 in
1014 3576 1238 3650 hocfrustulo
1254 3579 1439 3650 restituen-

186 3714 267 3786 dum
294 3712 351 3806 sit,
379 3716 416 3787 in
444 3713 549 3787 dubio
574 3715 741 3807 relinquo.
770 3716 826 3787 En
853 3738 963 3788 meam
990 3717 1185 3790 lectionem:

391 3838 498 3920 ἄλλα
523 3838 864 3944 aqueductus
905 3846 1150 3955 orepe'av
1191 3848 1381 3946 φρένα.

185 3982 392 4056 Locutiones
419 4005 498 4056 vero
525 3959 676 4083 orepe'u
702 3976 808 4091 φρήν
835 3994 870 4058 et
896 3984 1107 4080 adamam
1135 3986 1266 4084 φρένα
1292 4008 1438 4077 graecae

185 4118 328 4207 linguae
353 4119 594 4192 consuetudini
621 4123 763 4193 minime
788 4142 983 4213 repugnare
1009 4121 1155 4213 videbis,
1202 4125 1232 4193 si
1260 4144 1438 4214 compara-

187 4251 278 4356 veris
317 4250 381 4323 Od.
423 4253 552 4345 XXIII,
596 4258 663 4326 103
709 4245 868 4359 (apodes
909 4252 1167 4361 στερεωτέρη
1205 4247 1370 4351 λίθοιο)
1406 4263 1439 4330 et

187 4383 296 4457 Thuc.
323 4384 386 4477 III,
416 4389 460 4459 58
487 4388 549 4459 in.:
589 4386 793 4485 ἀξιοῦμεν
833 4390 1079 4484 καιιφθὴναι
1120 4391 1231 4478 ὑμᾶς
1277 4391 1342 4466 καὶ
1367 4414 1439 4490 με·

189 4519 411 4611 ταγνώναι.

287 4654 382 4744 Quae
419 4654 448 4726 si
487 4661 579 4727 recte
618 4654 882 4747 disputavimus,
937 4659 1001 4729 hoc
1040 4659 1154 4746 ipsum
1204 4660 1438 4748 fragmentum

187 4787 335 4878 epistula
360 4787 529 4861 adiutrice
554 4811 623 4861 non
649 4790 758 4862 solum
785 4792 969 4882 corrigere,
996 4791 1054 4863 sed
1082 4794 1184 4863 etiam
1212 4814 1252 4864 ex
1278 4791 1438 4883 Sapphus

187 4921 233 4995 ad
259 4922 434 4996 Phaonem
462 4926 615 5002 carmine
640 4925 782 5000 ductum
809 4948 884 5000 esse
909 4934 1060 5003 statuere
1085 4928 1225 5022 poteris.
