3736 6012
967 555 1187 666 .*4'‘

479 791 827 912 μεγαλοφνές...
855 791 965 898 μετά
991 798 1217 894 σαφηνείας,
1260 787 1397 874 ὅσον
1436 795 1509 871 aa)
1523 795 1588 886 τῆ
1602 823 1621 885 ς
1657 789 1734 891 μή

479 937 541 1025 τῇ
582 925 881 1042 διαλέκτῳ
922 956 978 1010 τι
1019 931 1358 1010 κεκάκωται.
1398 933 1567 1024 Apuleius
1598 953 1735 1026 queque

481 1072 640 1165 (Apolog.
679 1093 713 1163 p.
741 1075 811 1143 413
839 1091 907 1143 rec.
943 1069 1181 1162 Elmenhorst)
1225 1067 1267 1141 de
1305 1068 1602 1142 insolentia
1639 1067 1734 1138 lin-

478 1227 608 1297 guae
633 1205 874 1278 mulieris
900 1203 1116 1276 Lesbiae
1141 1203 1300 1295 queritur
1316 1203 1363 1296 *).
1391 1203 1486 1294 Quae
1506 1200 1734 1275 nihilosecius

464 1349 627 1418 ¹{aetatem
654 1341 821 1431 tulerunt,
848 1341 892 1412 iis
918 1341 987 1412 iam
1014 1338 1263 1430 posterioribus
1289 1338 1503 1430 temporibus
1529 1338 1618 1410 alius
1632 1337 1735 1428 isque

479 1476 730 1570 implacabilior
757 1476 867 1548 hostis
891 1475 1034 1549 exstitit:
1082 1473 1239 1547 homines
1265 1475 1358 1548 enim
1385 1473 1529 1547 fanatici
1555 1470 1638 1544 inde
1661 1471 1734 1544 ori-

478 1613 596 1702 ginem
623 1631 756 1684 morum
783 1617 1024 1701 corruptorum
1040 1608 1120 1683 duci
1135 1607 1298 1682 arbitrati
1316 1609 1372 1702 **)
1400 1629 1501 1682 caeco
1525 1607 1640 1681 furore
1661 1608 1733 1679 acti
1851 1635 1852 1656 1

479 1745 555 1820 illos
580 1747 723 1820 melicae
748 1745 861 1835 poesis
886 1742 989 1816 tiores
1012 1749 1188 1834 tamquam
1214 1742 1329 1816 tabem
1357 1741 1531 1836 quandam
1557 1743 1594 1814 in
1615 1743 1732 1832 ignem

481 1882 709 1974 coniciebant,
747 1890 787 1953 ut
811 1901 830 1951 e
854 1880 928 1953 loco
954 1902 976 1952 a
1001 1878 1162 1952 Fabricio
1201 1878 1381 1971 (Biblioth.
1422 1877 1544 1951 Graec.
1564 1929 1567 1938 .
1588 1877 1626 1950 T.
1653 1878 1670 1949 I
1695 1897 1729 1966 p.

484 2019 570 2112 733)
609 2017 712 2090 allato
737 2007 844 2107 patet.
891 2013 1106 2105 „Dolendum
1133 2019 1220 2106 estf‘,
1261 2017 1376 2110 inquit
1412 2015 1481 2109 ille,
1519 1992 1732 2105 „sacerdotes
1851 1999 1852 2010 ¹

483 2153 634 2228 Graecos
658 2151 872 2245 Byzantinos
898 2149 1061 2242 effecisse,
1089 2157 1129 2223 ut
1153 2151 1354 2224 Mimnermi
1390 2151 1626 2243 Sapphus
1651 2152 1732 2225 Bio-
1851 2119 1852 2124 Ἰ

482 2289 537 2361 nis
562 2287 776 2378 aliorumque
815 2286 970 2358 carmina
1009 2287 1187 2378 amatoria,
1229 2291 1318 2358 teste
1354 2307 1444 2377 papa
1482 2286 1655 2359 LeoneX
1695 2289 1732 2359 in

483 2419 645 2515 Alcyonii
670 2419 760 2492 libro
788 2418 805 2489 Ι
830 2417 873 2491 de
898 2418 1000 2492 exilio
1026 2439 1058 2509 p.
1089 2422 1146 2510 69,
1173 2418 1303 2491 nefarie
1329 2419 1651 2493 comburerentnr“.

581 2556 676 2647 Quae
703 2575 779 2627 cum
807 2554 857 2627 ita
883 2560 1007 2646 essent,
1035 2555 1243 2628 recentiores
1272 2552 1366 2629 haud
1391 2556 1486 2628 facili
1512 2556 1628 2629 labore
1654 2576 1732 2629 sus-

484 2695 583 2781 cepto
607 2710 725 2762 omnes
750 2686 972 2782 antiquorum
997 2688 1132 2762 litteras
1173 2690 1381 2780 perscrutati
1422 2688 1583 2764 disiectos
1608 2691 1733 2784 lyrico-

483 2845 562 2897 rum
589 2822 800 2897 Graecorum
825 2844 959 2913 pannos
986 2823 1238 2915 conquirebant
1275 2824 1485 2913 colligebant
1510 2826 1732 2899 consuebant.

485 2959 553 3051 Qui
577 2957 675 3031 labor
700 2956 874 3048 imprimis
900 2956 1044 3047 Berghii
1071 2957 1164 3028 illius
1190 2977 1294 3047 opera
1320 2957 1390 3029 iere
1410 2957 1455 3028 ad
1469 2958 1575 3031 finem
1588 2956 1735 3050 perduc·
1783 3048 1786 3061 y

485 3098 542 3166 tus
567 3113 641 3165 esse
665 3089 813 3182 videtur,
853 3092 921 3163 nisi
959 3092 1210 3184 Aegyptiorum
1249 3092 1375 3165 tumuli
1407 3093 1460 3165 vel
1499 3093 1631 3185 lapides
1658 3114 1733 3166 car-

485 3225 640 3300 minibus
678 3225 799 3297 inoisis
838 3223 990 3296 decorati
1028 3226 1253 3314 sagacitatem
1288 3223 1531 3315 indagantium
1557 3227 1736 3321 hucusque

485 3361 620 3435 fallunt.
1654 3367 1658 3376 '

584 3496 634 3569 At
657 3516 727 3568 non
754 3496 864 3569 solum
890 3497 1055 3588 carmina,
1083 3495 1274 3569 sedetiam
1301 3499 1392 3570 vitae
1431 3498 1631 3572 melicorum
1655 3520 1737 3590 poe·

487 3637 603 3705 tarum
629 3635 809 3722 comraque
846 3635 1001 3701 veterum
1040 3627 1083 3701 de
1108 3629 1151 3701 iis
1191 3632 1389 3726 testimpnia
1429 3629 1523 3705 haud
1548 3654 1628 3705 raro
1665 3639 1738 3705 tam

488 3764 584 3841 foede
611 3766 841 3857 posteriorum
868 3765 1070 3836 commentis
1110 3769 1212 3837 ancta
1237 3771 1341 3857 atque
1366 3763 1554 3857 depravata
1579 3772 1673 3860 sunt,
1699 3772 1740 3839 ut

488 3923 736 3993 nonnunquam
762 3921 864 3990 aegre
890 3921 972 3973 vera
998 3901 1125 3973 afictis
1152 3899 1349 3973 discernere
1363 3921 1478 3993 queas.
1507 3899 1606 3993 Quod
1619 3923 1739 3993 qnam·
1772 3905 1781 3934 ¹

489 4057 592 4128 quam
618 4034 759 4126 reliquis
785 4055 919 4126 quoque
957 4031 1169 4106 Graecorum
1196 4034 1425 4125 scriptoribus
1452 4033 1590 4126 accidit,
1625 4042 1741 4109 tamen

490 4169 527 4241 in
553 4167 609 4240 his
634 4167 744 4257 ipsius
770 4169 921 4240 auctoris
961 4167 1077 4240 verbis
1115 4167 1227 4241 adiuti
1253 4169 1453 4260 saepissime
1490 4170 1634 4259 propius
1659 4191 1741 4242 vero

380 4279 383 4286 ¹
490 4298 652 4374 accedere
677 4321 871 4392 possumus3
896 4321 1000 4392 quam
1025 4301 1117 4373 viam
1143 4302 1181 4373 in
1206 4300 1419 4391 retingendis
1445 4301 1631 4395 lyricomm
1657 4303 1742 4377 vitis

599 4647 622 4716 ·)
640 4649 670 4705 l.
690 4648 825 4706 welcher.
846 4650 889 4705 lll.
911 4647 1054 4704 Schriften
1073 4647 1102 4702 ΙΙ
1121 4663 1147 4716 p.
1160 4650 1209 4708 120
1228 4664 1293 4705 ann.
1311 4647 1350 4707 68.

582 4737 619 4810 “l
637 4739 754 4808 Propter
772 4739 887 4794 eandem
907 4753 1019 4794 cansam
1045 4739 1101 4793 iam
1120 4739 1282 4806 antiquitus
1301 4739 1411 4795 Valerio
1437 4737 1554 4795 llarimo
1572 4743 1642 4796 teste
1659 4739 1699 4814 (V,
1719 4743 1745 4814 3)

498 4828 633 4898 Spartani
652 4827 813 4884 Archilochi
833 4829 959 4883 carmina
979 4827 1088 4883 finibus
1108 4829 1166 4883 suis
1186 4828 1402 4897 prohibuerunt.
1432 4827 1534 4884 Contra
1552 4829 1668 4887 Pindari
1687 4833 1747 4901 epi-

494 4918 571 4974 nicia
587 4919 770 4988 potissimum
788 4917 895 4974 ethicae
915 4918 1075 4986 sententiae,
1095 4933 1163 4984 quas
1183 4920 1262 4987 poeta
1281 4919 1455 4986 argumentis
1479 4919 1594 4974 odarum
1614 4921 1748 4991 intenuit,

494 5009 529 5064 ab
548 5008 668 5064 interitu
688 5011 880 5065 servaverunt.
