3736 6012
714 485 912 558 ...27-

334 711 576 791 ὀππάτεσσι
603 709 642 791 d’
663 710 785 793 oridia
813 711 952 817 dpape',
978 711 1222 814 dacppdpc-

474 856 586 940 βεισι
610 841 648 926 δ’
673 845 827 926 ἅκοναι
846 854 893 946 *).

260 983 357 1057 Haeo
369 983 440 1058 lere
455 992 547 1078 sunt,
562 1007 651 1079 quae
664 988 789 1058 iterum
803 989 999 1078 iterumque
1013 982 1255 1077 perlustrando
1275 990 1309 1056 et
1322 983 1437 1055 verbis

186 1119 369 1210 utriusque
393 1127 515 1210 poetae
539 1121 632 1194 inter
657 1142 694 1193 se
719 1119 960 1212 comparandis
986 1120 1119 1193 anobis
1139 1120 1290 1192 inveniri
1315 1124 1437 1209 potue-

187 1261 280 1327 runt.
308 1255 463 1346 Quorum
491 1254 585 1328 haud
611 1256 757 1345 exiguus
783 1277 949 1328 numerus
974 1255 1050 1327 sine
1075 1254 1181 1327 dubio
1206 1255 1317 1327 maior
1334 1259 1435 1345 esset,

187 1391 217 1460 si
241 1390 396 1481 poetriae
422 1391 578 1464 carmina
603 1390 741 1482 integra
767 1390 810 1464 ad
837 1412 898 1464 nos
924 1392 1175 1483 pervenissent,
1209 1410 1273 1463 nec
1298 1389 1436 1463 dubita·

187 1543 276 1615 muS,
303 1524 388 1616 quin
413 1545 503 1596 nova
515 1523 711 1613 fragmenta
723 1525 761 1597 in
773 1525 887 1598 lucem
905 1531 1083 1617 protracta
1096 1509 1251 1599 nostram
1264 1526 1437 1599 coniectu-

186 1678 262 1729 ram
289 1659 400 1748 magis
427 1659 675 1732 confirmatura
700 1660 781 1731 sint.
820 1661 987 1733 Attamen
1029 1662 1099 1734 iam
1125 1661 1180 1732 his
1205 1661 1292 1732 satis
1316 1680 1436 1750 super-

186 1810 255 1881 que
283 1789 550 1885 demonstratur,
577 1793 667 1885 quod
693 1817 714 1867 a
741 1794 840 1867 nobis
866 1815 971 1885 supra
997 1794 1034 1865 in
1060 1795 1164 1866 huius
1193 1795 1316 1885 capitis
1336 1792 1437 1865 titulo

186 1926 336 2015 positum
363 1934 425 2018 est,
452 1948 563 2018 neque
588 1948 759 2019 veremur,
786 1949 831 2000 ne
856 1935 975 2001 nostra
1001 1928 1091 2020 quod
1130 1928 1174 2001 ad
1200 1928 1437 2002 verisimilitu-

187 2058 279 2131 dinis
304 2061 453 2151 speoiem
479 2063 615 2154 attinet,
642 2061 811 2134 Birtianis
837 2069 1035 2153 postponas.
1080 2061 1330 2154 Comparantes
1356 2083 1437 2136 vero
1481 2147 1482 2152 η

188 2192 361 2266 Ovidiana
388 2216 466 2266 cum
493 2194 676 2289 Sapphicis
697 2179 794 2270 'viam
818 2217 956 2289 quoque
980 2218 1022 2270 ac
1047 2197 1226 2288 rationem,
1258 2217 1327 2287 qua
1353 2193 1436 2268 Ovi-

187 2326 265 2398 dius
291 2348 375 2400 usus
401 2327 613 2403 Graecorum
652 2338 831 2422 poetarum
870 2329 976 2402 verba
1015 2335 1050 2402 et
1074 2330 1265 2402 sententias
1303 2332 1340 2402 in
1373 2352 1436 2404 sua

187 2463 344 2534 carmina
369 2462 613 2553 transferebat,
641 2460 734 2534 haud
760 2461 865 2533 semel
879 2461 1149 2550 observavimus,
1175 2467 1216 2532 ut
1230 2481 1308 2532 cum
1321 2467 1436 2532 osten-

186 2594 301 2666 dimus
339 2595 487 2668 latinum
525 2603 661 2686 poetam
700 2617 740 2666 ea
780 2616 868 2686 quae
906 2593 998 2686 apud
1036 2593 1257 2686 Sapphonem
1291 2595 1434 2687 legerat,

183 2734 316 2802 mutato
341 2750 459 2801 rerum
486 2735 580 2800 statu
602 2729 745 2818 mutatis
770 2728 882 2820 iisque
908 2730 1091 2801 contrariis
1118 2728 1289 2802 coloribus
1314 2729 1434 2820 depin-

184 2865 287 2958 xisse,
314 2867 364 2938 ita
389 2871 429 2937 ut
454 2833 528 2936 eius
554 2863 661 2936 verba
687 2862 871 2954 Sapphicis
898 2885 939 2934 ex
953 2862 1063 2935 altera
1076 2870 1176 2955 parte
1191 2863 1435 2956 respondeant,

184 3001 222 3072 in
248 3000 374 3092 quibus
399 3000 570 3090 imprimis
597 3020 685 3091 quae
709 2999 859 3070 fuissent
884 3020 954 3070 non
976 3019 1051 3070 esse
1082 3000 1220 3089 saepius
1247 3021 1325 3071 eum
1351 3020 1435 3071 enu-

184 3156 336 3209 merasse
362 3140 397 3206 et
421 3135 578 3207 notiones
617 3134 795 3224 apoetria
833 3134 1026 3222 generatim
1063 3140 1167 3225 atque
1192 3134 1437 3207 universaliter

182 3271 335 3363 prolatas
361 3272 502 3362 propius
529 3269 728 3362 exposuisse
754 3268 1073 3341 animadvertimus.
1102 3268 1235 3360 Quibus
1253 3289 1356 3359 porro
1371 3269 1435 3342 hoc

184 3429 319 3500 quoque
344 3406 426 3480 addi
450 3411 564 3498 potest
589 3403 753 3477 Ovidium
777 3403 878 3477 flores
903 3410 1046 3477 tantum
1068 3425 1108 3475 ex
1122 3402 1284 3495 Sapphus
1310 3405 1434 3476 carmi-

184 3543 287 3616 nibus
314 3541 527 3632 decerpsisse
565 3547 679 3631 atque,
720 3545 825 3630 prout
853 3540 885 3610 ei
910 3540 1023 3610 visum
1050 3544 1113 3628 est,
1138 3536 1276 3610 frondes
1316 3560 1433 3611 eorum

182 3678 382 3753 resecuisse.
421 3675 534 3749 Semel
572 3680 709 3747 tantum
746 3680 848 3764 poeta
886 3679 997 3745 totum
1024 3694 1164 3745 carmen
1202 3671 1433 3765 aSapphone

289 4004 313 4077 ⁴¹)
330 4004 396 4062 (lum
415 4004 559 4074 sapphicis
577 4004 605 4058 et
624 4002 764 4060 Ouidianis
783 4002 862 4058 iuvat
886 4016 1048 4072 comparare
1068 4002 1225 4061 Catulliana
1251 4003 1305 4074 (ul,
1325 4004 1340 4059 6
1360 4004 1434 4073 sod),

181 4110 251 4164 quaa
271 4096 305 4151 ad
324 4095 395 4152 illud
415 4092 597 4164 archetypum
615 4093 729 4164 propius
747 4093 889 4149 accedunt·

636 4229 642 4241 .
663 4230 668 4241 .
690 4229 696 4240 .
715 4198 780 4239 nam
799 4183 881 4239 simul
900 4185 937 4254 to,

502 4274 608 4345 Lesbia,
628 4273 750 4344 adspexi,
768 4271 842 4330 nibil
861 4274 902 4328 ost
920 4286 1002 4342 super
1020 4273 1059 4328 mi

502 4452 666 4522 linguased
683 4453 786 4523 torpet,
805 4451 897 4508 tonnis
915 4453 965 4508 snb
985 4453 1063 4507 artus
1093 4457 1096 4461 '

502 4541 614 4598 damma
632 4542 768 4612 domnum,
787 4541 879 4596 sonitu
898 4543 994 4611 suopte

501 4631 638 4687 tintinant
656 4644 746 4703 aures,
765 4631 875 4698 gemina
892 4632 1025 4699 teguntur

501 4721 607 4777 lumina
626 4722 713 4778 nocte.

289 4811 402 4866 Praetor
421 4810 560 4867 Catullum
578 4810 722 4866 Ilum-otius
741 4823 845 4880 quoque
863 4811 923 4881 (ΙΙΙ,
945 4811 994 4871 154
1012 4813 1079 4878 sqq.)
1098 4811 1127 4865 in
1137 4811 1314 4872 describendo
1333 4814 1432 4872 timore

180 4897 232 4959 boo
252 4914 361 4955 carmen
380 4900 506 4964 imitatus
525 4902 573 4961 est.
