3784 6014
732 551 926 623 ...71-

204 775 355 850 Siciliam
380 779 506 852 itinere
528 784 683 854 narratio
709 805 778 855 non
804 785 872 855 iam
898 791 1090 876 propterea,
1117 783 1207 877 quod
1228 786 1265 858 in
1278 784 1454 859 Marmore

203 914 307 986 Pario
330 915 468 1008 legitur,
497 919 691 990 necessario
716 940 779 1010 pro
804 941 888 991 vera
914 919 1116 1010 accipienda
1143 928 1205 994 est.
1235 919 1343 993 Cuius
1357 920 1453 995 Mar-

203 1049 308 1119 moris
333 1051 521 1122 auctoritas
548 1074 617 1123 non
645 1058 744 1124 tanta
770 1061 833 1143 est,
861 1061 900 1126 ut
925 1055 956 1125 ei
983 1052 1118 1146 semper
1133 1054 1234 1127 iidem
1250 1056 1449 1147 habeamus

99 1169 101 1174 ¹
205 1206 281 1256 cum
307 1187 399 1258 inter
424 1209 525 1260 veras
551 1210 606 1260 res
633 1195 824 1262 commenta
850 1212 984 1282 quoque
1010 1191 1092 1262 illuc
1118 1192 1227 1264 relata
1245 1192 1329 1283 sint,
1356 1196 1395 1262 ut
1408 1190 1452 1264 ab

205 1319 400 1391 hominibus
426 1318 536 1391 doctis
562 1322 630 1395 iam
657 1343 726 1394 non
753 1322 856 1394 semel
883 1321 1161 1396 animadversum
1189 1332 1240 1397 est
1254 1325 1300 1418 *);
1327 1324 1452 1418 quibus

204 1451 269 1525 hoc
294 1476 428 1546 quoque
454 1455 495 1526 de
521 1455 681 1572 ¹Sapphus
708 1457 744 1528 in
769 1456 922 1529 Siciliam
947 1457 1030 1547 fuga
1057 1464 1092 1530 et
1117 1480 1221 1531 causa
1246 1460 1319 1531 eius
1346 1482 1367 1531 a
1392 1481 1453 1531 no·

203 1589 257 1658 bis
283 1590 442 1680 suppleta
468 1573 702 1663 testimonium
728 1592 1026 1671 annumerandum
1053 1615 1128 1666 esse
1152 1600 1246 1685 puto.

301 1722 410 1797 Porro
436 1725 540 1797 etiam
567 1745 608 1795 ex
635 1725 794 1816 Sapphus
820 1726 907 1816 frag.
937 1731 968 1799 6:

344 1854 405 1932 Ἤ
427 1867 467 1931 σε
499 1854 676 1955 Κύπρος
703 1858 768 1933 καὶ
798 1856 943 1955 Πάφος
968 1849 992 1953 ἢ
1022 1830 1334 1964 Πάνορμος

203 1994 247 2066 de
271 1996 424 2086 poetriae
448 1996 484 2066 in
510 1995 663 2067 Siciliam
690 1996 815 2067 itinere
845 1997 1075 2067 coniecturam
1100 1993 1243 2085 iaciunt
1270 1996 1320 2066 ita
1334 1993 1453 2086 Bergk

203 2119 248 2193 ad
274 2120 339 2193 hoc
361 2119 449 2211 frag.
476 2122 645 2211 poetriam
672 2120 877 2195 ‘Sicularum
903 2142 1020 2193 rerum
1047 2143 1116 2193 non
1143 2118 1452 2212 expertem‘fnisse

204 2255 264 2328 ait.
292 2255 340 2328 At
365 2255 452 2326 obici
478 2261 591 2346 potest
617 2254 794 2346 Sapphoni
822 2276 892 2327 non
918 2254 1025 2327 fuisse
1051 2276 1136 2345 opus
1162 2256 1228 2326 iti
1243 2276 1375 2347 nere,
1415 2262 1456 2328 ut

203 2388 366 2461 Panormi
392 2388 539 2461 Veneris
567 2389 695 2461 cultum
721 2395 794 2461 tum
820 2388 978 2460 floruisse
1004 2390 1117 2460 sciret.
1151 2386 1280 2480 Quodsi
1306 2410 1386 2462 vero
1413 2411 1452 2461 eo

203 2530 407 2611 argumento
436 2529 583 2615 utamur,
609 2529 683 2594 tum
709 2545 783 2595 eam
810 2522 962 2617 Cyprum
982 2544 1115 2616 quoque
1130 2523 1279 2595 insulam
1292 2524 1453 2595 visitasse

204 2657 459 2731 concedendum
486 2659 563 2731 erit.
590 2659 713 2750 Itaque
737 2658 801 2730 hoc
826 2663 1068 2747 argumentum
1107 2678 1151 2728 ne
1177 2657 1280 2729 nauci
1318 2655 1455 2748 quidem
1476 2683 1478 2690 ·

202 2792 399 2865 faciendum
439 2813 513 2863 esse
551 2790 719 2864 contendo
765 2792 1001 2883 originemque
1045 2763 1355 2880 geographicorum
1393 2811 1455 2862 no-

203 2927 336 2999 minum
361 2929 399 2999 in
426 2926 598 3018 Sapphico
626 2927 778 2999 carmine
804 2947 823 2996 e
849 2927 1019 2997 communi
1045 2931 1239 3016 poetarum·
1256 2945 1321 2996 usu
1348 2924 1455 3015 expli-

203 3061 349 3134 candam
376 3083 449 3133 esse
475 3082 607 3133 conseo.
635 3059 828 3132 Menandro
858 3061 949 3131 enim
974 3060 1115 3132 rhetore
1152 3065 1240 3132 teste
1280 3060 1456 3130 invocato-

202 3196 335 3268 riorum
361 3197 565 3290 hymnorum
591 3195 792 3268 auctoribus
814 3216 878 3266 usu
892 3201 1070 3285 acceptum
1096 3193 1356 3283 stabilitumque
1369 3197 1454 3284 erat,

202 3341 245 3408 ut
271 3333 360 3429 deos,
401 3332 445 3406 ad
484 3357 568 3427 quos
608 3339 903 3430 converterentur,
948 3333 1055 3404 variis
1095 3331 1291 3404 nominibus
1331 3331 1375 3400 ab
1412 3328 1455 3398 iis

201 3471 299 3561 lociS,
326 3492 414 3562 quae
439 3470 608 3542 invocatis
636 3469 702 3540 diis
728 3438 923 3560 deabusque
949 3468 1118 3559 imprimis
1150 3465 1345 3555 placebant,
1373 3462 1456 3535 duc-

202 3607 251 3679 tis
277 3608 488 3698 invocarent,
515 3604 605 3698 quod
631 3605 750 3677 rhetor
775 3604 833 3676 ille
858 3605 895 3675 in
922 3605 1120 3675 universum
1147 3601 1202 3671 his
1216 3601 1330 3671 verbis
1357 3618 1456 3689 prae-

202 3740 307 3831 cepit:
338 3727 506 3812 Μέλλων
534 3729 576 3812 de*
602 3728 797 3838 πληροῦν
824 3728 898 3828 τήν
926 3730 1138 3810 ιὶπόθεσιν
1165 3730 1296 3833 χρήσῃ
1339 3725 1396 3806 ἄν
1413 3754 1455 3804 a·

203 3863 519 3966 >chartreir
558 3868 814 3971 ὀνόμασι
854 3872 971 3944 roci
1004 3861 1335 3956 θεούοὓτως,
1362 3856 1457 3939 αλλ’

313 4262 343 4345 *i
353 4280 410 4334 Huo
420 4279 522 4334 referri
532 4281 622 4348 potest
632 4294 656 4335 v.
669 4281 701 4336 65
715 4293 752 4345 sq.
765 4278 862 4333 fabula
873 4277 904 4332 de
916 4275 1064 4333 Stesichori
1076 4276 1173 4345 poetae
1192 4275 1201 4329 i
1214 4290 1233 4329 n
1252 4273 1458 4330 Graeciam

203 4371 369 4439 itinere,
389 4369 422 4424 do
441 4384 493 4436 quo
513 4369 547 4424 cf.
567 4370 658 4426 Flaoh.
679 4371 697 4425 l.
717 4372 735 4425 i.
756 4385 781 4438 p.
802 4369 837 4425 24
865 4369 893 4422 et
911 4366 1071 4423 deschichte
1091 4366 1116 4423 d.
1136 4380 1176 4433 gr.
1197 4366 1261 4433 hyr.
1281 4378 1307 4432 p.
1328 4365 1389 4434 321,
1408 4362 1457 4418 nbi

203 4459 276 4514 haeo
293 4459 419 4525 legimus:
441 4458 504 4514 «Die
534 4458 563 4511 in
582 4458 631 4513 der
659 4457 896 4513 Marmorohronik
924 4455 1044 4510 dariibcr
1065 4454 1208 4509 erhaltene
1235 4453 1313 4508 Notiz
1332 4451 1458 4508 verdiont

204 4549 285 4604 nieht
313 4548 365 4602 den
393 4547 554 4615 geringsten
581 4548 713 4616 Giaubem
742 4546 777 4602 da
807 4546 845 4600 sie
873 4543 1001 4613 gennich
1029 4543 1079 4598 aut'
1107 4542 1255 4610 hriindung
1283 4557 1316 4596 nu
1335 4539 1458 4595 bornhen

205 4643 342 4715 scheint»;
361 4658 442 4712 porro
454 4643 488 4699 ci.
514 4642 581 4698 ibid.
600 4657 626 4711 p.
647 4643 697 4699 326
718 4656 779 4697 ann.
793 4645 815 4697 1.
826 4641 953 4697 Ceterum
963 4639 1019 4693 iam
1028 4637 1136 4693 Boeckh
1146 4639 1164 4692 l.
1176 4639 1194 4693 l.
1205 4651 1231 4705 p.
1243 4636 1294 4693 303
1313 4632 1458 4689 Marmoris

205 4733 283 4791 Parii
302 4735 441 4787 auctorem
463 4731 653 4787 «rnediocriter
672 4731 780 4786 doctum
800 4729 938 4785 hominem
956 4727 1042 4782 fuisso
1063 4727 1202 4793 omnisque
1222 4724 1331 4793 generis
1351 4735 1458 4778 errores

206 4827 236 4879 et
255 4823 325 4879 vitia
344 4823 378 4878 ab
399 4837 428 4877 eo
449 4822 592 4877 commissa
609 4837 681 4877 esse»
713 4821 760 4877 ait.
792 4822 969 4886 Quamobrem
998 4833 1052 4873 non
1072 4815 1457 4886 supo1·vaoaneasunt‚quao
1555 4871 1557 4876 ,

203 4913 297 4982 Bergk
316 4914 389 4971 dud.
409 4915 422 4968 1
440 4928 466 4982 p.
486 4914 537 4970 277
557 4913 671 4970 monuit:
692 4913 755 4969 «Dio
775 4912 905 4978 hagaben
932 4913 977 4976 (sc.
1007 4909 1054 4964 des
1078 4909 1110 4964 hi.
1132 4909 1170 4973 P.)
1197 4906 1259 4962 sind
1288 4921 1358 4962 nur
1386 4903 1456 4962 mit

202 5002 397 5060 Vorsicht
414 5017 448 5062 zu
466 5002 626 5062 nanuum».
