<?xml version="1.0" encoding="UTF-8"?>
<!DOCTYPE html PUBLIC "-//W3C//DTD XHTML 1.0 Transitional//EN"
    "http://www.w3.org/TR/xhtml1/DTD/xhtml1-transitional.dtd">
<html xmlns="http://www.w3.org/1999/xhtml" xml:lang="en" lang="en">
 <head>
  <title>
</title>
<meta http-equiv="Content-Type" content="text/html;charset=utf-8" />
  <meta name='ocr-system' content='tesseract 3.04.00' />
  <meta name='ocr-capabilities' content='ocr_page ocr_carea ocr_par ocr_line ocrx_word'/>
</head>
<body>
  <div class='ocr_page' id='page_1' title='image "./quaestionessapp01lugoog_0048.png"; bbox 0 0 3736 6012; ppageno 0'>
   <div class='ocr_carea' id='block_1_1' title="bbox 180 911 1429 1275">
    <p class='ocr_par' dir='ltr' id='par_1_1' title="bbox 180 911 1429 1275">
     <span class='ocr_line' id='line_1_1' title="bbox 275 911 1429 1006; baseline 0.003 -22"><span class='ocrx_word' id='word_1_1' title='bbox 275 912 340 986; x_wconf 87' lang='lat' dir='ltr'><strong>Vv.</strong></span> <span class='ocrx_word' id='word_1_2' title='bbox 371 916 561 985; x_wconf 84' lang='lat'>123-136</span> <span class='ocrx_word' id='word_1_3' title='bbox 588 911 728 1002; x_wconf 84' lang='lat' dir='ltr'>Sappho</span> <span class='ocrx_word' id='word_1_4' title='bbox 768 913 925 1002; x_wconf 90' lang='lat' dir='ltr'><strong>queritur</strong></span> <span class='ocrx_word' id='word_1_5' title='bbox 963 914 1108 1006; x_wconf 92' lang='lat' dir='ltr'><strong>somnia,</strong></span> <span class='ocrx_word' id='word_1_6' title='bbox 1134 915 1171 986; x_wconf 91' lang='lat' dir='ltr'><strong>in</strong></span> <span class='ocrx_word' id='word_1_7' title='bbox 1197 915 1322 1005; x_wconf 89' lang='lat' dir='ltr'><strong>quibus</strong></span> <span class='ocrx_word' id='word_1_8' title='bbox 1348 917 1429 988; x_wconf 92' lang='lat' dir='ltr'><strong>solis</strong></span> 
     </span>
     <span class='ocr_line' id='line_1_2' title="bbox 180 1045 1429 1144; baseline 0.003 -24"><span class='ocrx_word' id='word_1_9' title='bbox 180 1048 248 1121; x_wconf 92' lang='lat' dir='ltr'><strong>sibi</strong></span> <span class='ocrx_word' id='word_1_10' title='bbox 273 1049 376 1122; x_wconf 91' lang='lat' dir='ltr'><strong>liceat</strong></span> <span class='ocrx_word' id='word_1_11' title='bbox 401 1045 478 1121; x_wconf 92' lang='lat' dir='ltr'><strong>cum</strong></span> <span class='ocrx_word' id='word_1_12' title='bbox 504 1048 645 1120; x_wconf 80' lang='lat' dir='ltr'>Phaone</span> <span class='ocrx_word' id='word_1_13' title='bbox 670 1049 802 1119; x_wconf 90' lang='lat' dir='ltr'><strong>versari</strong></span> <span class='ocrx_word' id='word_1_14' title='bbox 829 1054 933 1139; x_wconf 90' lang='lat' dir='ltr'><strong>atque</strong></span> <span class='ocrx_word' id='word_1_15' title='bbox 946 1069 1135 1122; x_wconf 89' lang='lat' dir='ltr'><strong>maerorem</strong></span> <span class='ocrx_word' id='word_1_16' title='bbox 1148 1071 1249 1122; x_wconf 93' lang='lat' dir='ltr'><strong>suum</strong></span> <span class='ocrx_word' id='word_1_17' title='bbox 1263 1050 1429 1144; x_wconf 85' lang='lat' dir='ltr'><strong>oblivisci,</strong></span> 
     </span>
     <span class='ocr_line' id='line_1_3' title="bbox 181 1180 1332 1275; baseline 0 -19"><span class='ocrx_word' id='word_1_18' title='bbox 181 1191 253 1256; x_wconf 87' lang='lat' dir='ltr'><strong>tam</strong></span> <span class='ocrx_word' id='word_1_19' title='bbox 280 1183 347 1256; x_wconf 90' lang='lat' dir='ltr'><strong>cito</strong></span> <span class='ocrx_word' id='word_1_20' title='bbox 372 1181 572 1273; x_wconf 90' lang='lat' dir='ltr'><strong>praeterire.</strong></span> <span class='ocrx_word' id='word_1_21' title='bbox 599 1181 688 1253; x_wconf 82' lang='lat' dir='ltr'><strong>Prae</strong></span> <span class='ocrx_word' id='word_1_22' title='bbox 714 1180 836 1253; x_wconf 85' lang='lat' dir='ltr'><strong>ceteris</strong></span> <span class='ocrx_word' id='word_1_23' title='bbox 862 1181 903 1252; x_wconf 88' lang='lat' dir='ltr'><strong>ci.</strong></span> <span class='ocrx_word' id='word_1_24' title='bbox 930 1205 985 1254; x_wconf 86' lang='lat' dir='ltr'><strong>vv.</strong></span> <span class='ocrx_word' id='word_1_25' title='bbox 1019 1185 1087 1254; x_wconf 84' lang='lat'><strong>126</strong></span> <span class='ocrx_word' id='word_1_26' title='bbox 1112 1190 1147 1255; x_wconf 93' lang='lat' dir='ltr'><strong>et</strong></span> <span class='ocrx_word' id='word_1_27' title='bbox 1174 1187 1241 1255; x_wconf 82' lang='lat'><strong>135</strong></span> <span class='ocrx_word' id='word_1_28' title='bbox 1269 1204 1332 1275; x_wconf 86' lang='lat' dir='ltr'><strong>sq.:</strong></span> 
     </span>
    </p>
   </div>
   <div class='ocr_carea' id='block_1_2' title="bbox 328 1314 1432 1490">
    <p class='ocr_par' dir='ltr' id='par_1_2' title="bbox 328 1314 1432 1490">
     <span class='ocr_line' id='line_1_4' title="bbox 328 1314 1432 1490; baseline -0.001 -99"><span class='ocrx_word' id='word_1_29' title='bbox 328 1315 396 1391; x_wconf 88' lang='lat' dir='ltr'><strong>Sed</strong></span> <span class='ocrx_word' id='word_1_30' title='bbox 422 1314 699 1406; x_wconf 84' lang='lat' dir='ltr'><strong>nonlonga</strong></span> <span class='ocrx_word' id='word_1_31' title='bbox 738 1316 872 1387; x_wconf 87' lang='lat' dir='ltr'><strong>satis</strong></span> <span class='ocrx_word' id='word_1_32' title='bbox 908 1314 1098 1406; x_wconf 85' lang='lat' dir='ltr'><strong>gaudia</strong></span> <span class='ocrx_word' id='word_1_33' title='bbox 1135 1319 1432 1490; x_wconf 64' lang='lat' dir='ltr'><strong>somnusbhat-</strong></span> 
     </span>
     <span class='ocr_line' id='line_1_5' title="bbox 1377 1439 1431 1490; baseline -0.037 0"><span class='ocrx_word' id='word_1_34' title='bbox 1377 1439 1431 1490; x_wconf 90' lang='lat' dir='ltr'><strong>e.</strong></span> 
     </span>
    </p>
   </div>
   <div class='ocr_carea' id='block_1_3' title="bbox 280 1545 1152 1641">
    <p class='ocr_par' dir='ltr' id='par_1_3' title="bbox 280 1545 1152 1641">
     <span class='ocr_line' id='line_1_6' title="bbox 280 1545 1152 1641; baseline -0.001 -20"><span class='ocrx_word' id='word_1_35' title='bbox 280 1549 330 1621; x_wconf 89' lang='lat' dir='ltr'><strong>At</strong></span> <span class='ocrx_word' id='word_1_36' title='bbox 355 1569 433 1621; x_wconf 90' lang='lat' dir='ltr'><strong>cum</strong></span> <span class='ocrx_word' id='word_1_37' title='bbox 459 1569 495 1620; x_wconf 89' lang='lat' dir='ltr'><strong>se</strong></span> <span class='ocrx_word' id='word_1_38' title='bbox 521 1548 625 1621; x_wconf 80' lang='lat' dir='ltr'><strong>Titan</strong></span> <span class='ocrx_word' id='word_1_39' title='bbox 650 1545 800 1618; x_wconf 83' lang='lat' dir='ltr'><strong>ostendit</strong></span> <span class='ocrx_word' id='word_1_40' title='bbox 824 1553 860 1620; x_wconf 91' lang='lat' dir='ltr'><strong>et</strong></span> <span class='ocrx_word' id='word_1_41' title='bbox 884 1548 1000 1620; x_wconf 93' lang='lat' dir='ltr'><strong>omnia</strong></span> <span class='ocrx_word' id='word_1_42' title='bbox 1025 1569 1152 1641; x_wconf 86' lang='lat' dir='ltr'><strong>secum,</strong></span> 
     </span>
    </p>
   </div>
   <div class='ocr_carea' id='block_1_4' title="bbox 300 1679 1433 1875">
    <p class='ocr_par' dir='ltr' id='par_1_4' title="bbox 300 1679 1433 1875">
     <span class='ocr_line' id='line_1_7' title="bbox 300 1679 1433 1775; baseline 0.003 -22"><span class='ocrx_word' id='word_1_43' title='bbox 300 1683 441 1755; x_wconf 84' lang='lat' dir='ltr'><strong>¹Tam</strong></span> <span class='ocrx_word' id='word_1_44' title='bbox 480 1683 583 1754; x_wconf 86' lang='lat' dir='ltr'><strong>cito</strong></span> <span class='ocrx_word' id='word_1_45' title='bbox 622 1703 691 1752; x_wconf 93' lang='lat' dir='ltr'><strong>me</strong></span> <span class='ocrx_word' id='word_1_46' title='bbox 732 1701 929 1754; x_wconf 88' lang='lat' dir='ltr'><strong>somnos</strong></span> <span class='ocrx_word' id='word_1_47' title='bbox 967 1679 1288 1755; x_wconf 85' lang='lat' dir='ltr'><strong>destituisse</strong></span> <span class='ocrx_word' id='word_1_48' title='bbox 1325 1705 1433 1775; x_wconf 89' lang='lat' dir='ltr'><strong>que-</strong></span> 
     </span>
     <span class='ocr_line' id='line_1_8' title="bbox 1285 1783 1432 1875; baseline 0 -23"><span class='ocrx_word' id='word_1_49' title='bbox 1285 1783 1432 1875; x_wconf 61' lang='lat' dir='ltr'><strong>rori).</strong></span> 
     </span>
    </p>
   </div>
   <div class='ocr_carea' id='block_1_5' title="bbox 184 1913 1435 2408">
    <p class='ocr_par' dir='ltr' id='par_1_5' title="bbox 184 1913 1435 2408">
     <span class='ocr_line' id='line_1_9' title="bbox 184 1913 1434 2012; baseline -0.001 -23"><span class='ocrx_word' id='word_1_50' title='bbox 184 1922 296 2012; x_wconf 82' lang='lat' dir='ltr'><strong>Quam</strong></span> <span class='ocrx_word' id='word_1_51' title='bbox 323 1915 530 1987; x_wconf 81' lang='lat' dir='ltr'><strong>sententiam</strong></span> <span class='ocrx_word' id='word_1_52' title='bbox 568 1913 737 1985; x_wconf 91' lang='lat' dir='ltr'><strong>Libanius</strong></span> <span class='ocrx_word' id='word_1_53' title='bbox 763 1915 919 2006; x_wconf 88' lang='lat' dir='ltr'><strong>sophista</strong></span> <span class='ocrx_word' id='word_1_54' title='bbox 958 1937 998 1986; x_wconf 85' lang='lat' dir='ltr'><strong>ex</strong></span> <span class='ocrx_word' id='word_1_55' title='bbox 1023 1915 1098 1987; x_wconf 90' lang='lat' dir='ltr'><strong>eius</strong></span> <span class='ocrx_word' id='word_1_56' title='bbox 1137 1915 1350 1988; x_wconf 85' lang='lat' dir='ltr'><strong>carminibus</strong></span> <span class='ocrx_word' id='word_1_57' title='bbox 1376 1914 1434 1988; x_wconf 92' lang='lat' dir='ltr'><strong>de-</strong></span> 
     </span>
     <span class='ocr_line' id='line_1_10' title="bbox 184 2045 1434 2143; baseline -0.016 -5"><span class='ocrx_word' id='word_1_58' title='bbox 184 2051 333 2143; x_wconf 73' lang='lat' dir='ltr'><strong>sumpsit</strong></span> <span class='ocrx_word' id='word_1_59' title='bbox 359 2051 406 2140; x_wconf 85' lang='lat' dir='ltr'><strong>(v-</strong></span> <span class='ocrx_word' id='word_1_60' title='bbox 435 2045 532 2120; x_wconf 74' lang='lat' dir='ltr'><strong>Orat·</strong></span> <span class='ocrx_word' id='word_1_61' title='bbox 573 2046 611 2118; x_wconf 88' lang='lat' dir='ltr'><strong>T.</strong></span> <span class='ocrx_word' id='word_1_62' title='bbox 637 2046 728 2137; x_wconf 85' lang='lat' dir='ltr'><strong>I-p.</strong></span> <span class='ocrx_word' id='word_1_63' title='bbox 755 2050 826 2120; x_wconf 83' lang='lat'><strong>402</strong></span> <span class='ocrx_word' id='word_1_64' title='bbox 866 2045 918 2119; x_wconf 92' lang='lat' dir='ltr'><strong>ed.</strong></span> <span class='ocrx_word' id='word_1_65' title='bbox 958 2047 1095 2140; x_wconf 85' lang='lat' dir='ltr'><strong>Reiske,</strong></span> <span class='ocrx_word' id='word_1_66' title='bbox 1134 2046 1187 2119; x_wconf 90' lang='lat' dir='ltr'><strong>vel</strong></span> <span class='ocrx_word' id='word_1_67' title='bbox 1218 2047 1306 2139; x_wconf 86' lang='lat' dir='ltr'><strong>frag.</strong></span> <span class='ocrx_word' id='word_1_68' title='bbox 1337 2051 1434 2142; x_wconf 88' lang='lat'>130):</span> 
     </span>
     <span class='ocr_line' id='line_1_11' title="bbox 184 2168 1434 2283; baseline -0.005 -23"><span class='ocrx_word' id='word_1_69' title='bbox 184 2180 362 2283; x_wconf 82' lang='grc' dir='ltr'><strong><em>Σαπφώ,</em></strong></span> <span class='ocrx_word' id='word_1_70' title='bbox 396 2182 521 2274; x_wconf 87' lang='lat' dir='ltr'><strong>inquit,</strong></span> <span class='ocrx_word' id='word_1_71' title='bbox 561 2169 634 2268; x_wconf 64' lang='grc' dir='ltr'><strong>γῆν</strong></span> <span class='ocrx_word' id='word_1_72' title='bbox 667 2179 833 2271; x_wconf 72' lang='grc' dir='ltr'><em>Λεσβίαν</em></span> <span class='ocrx_word' id='word_1_73' title='bbox 873 2169 1000 2253; x_wconf 63' lang='lat' dir='ltr'><strong>cocto</strong></span> <span class='ocrx_word' id='word_1_74' title='bbox 1037 2168 1240 2255; x_wconf 75' lang='grc' dir='ltr'><strong>ἐκώλυσεν</strong></span> <span class='ocrx_word' id='word_1_75' title='bbox 1282 2173 1434 2270; x_wconf 70' lang='grc' dir='ltr'><em>εὔξα-</em></span> 
     </span>
     <span class='ocr_line' id='line_1_12' title="bbox 186 2303 1435 2408; baseline -0.003 -16"><span class='ocrx_word' id='word_1_76' title='bbox 186 2321 320 2392; x_wconf 84' lang='grc' dir='ltr'><strong><em>σθαι</em></strong></span> <span class='ocrx_word' id='word_1_77' title='bbox 348 2303 1435 2408; x_wconf 60' lang='lat' dir='ltr'><strong>sorraaoriysatooacotnhaooavrr).</strong></span> 
     </span>
    </p>
   </div>
   <div class='ocr_carea' id='block_1_6' title="bbox 719 2513 931 2522">
    <p class='ocr_par' dir='ltr' id='par_1_6' title="bbox 719 2513 931 2522">
     <span class='ocr_line' id='line_1_13' title="bbox 719 2513 931 2522; baseline -0.009 0"><span class='ocrx_word' id='word_1_78' title='bbox 719 2513 931 2522; x_wconf 74' lang='lat'><em>...—-—————-</em></span> 
     </span>
    </p>
   </div>
   <div class='ocr_carea' id='block_1_7' title="bbox 130 2691 1441 3614">
    <p class='ocr_par' dir='ltr' id='par_1_7' title="bbox 130 2691 1441 3614">
     <span class='ocr_line' id='line_1_14' title="bbox 288 2691 1439 2784; baseline 0 -17"><span class='ocrx_word' id='word_1_79' title='bbox 288 2694 437 2767; x_wconf 88' lang='lat' dir='ltr'><strong>Restant</strong></span> <span class='ocrx_word' id='word_1_80' title='bbox 461 2693 600 2782; x_wconf 87' lang='lat' dir='ltr'><strong>singula</strong></span> <span class='ocrx_word' id='word_1_81' title='bbox 625 2693 802 2765; x_wconf 86' lang='lat' dir='ltr'><strong>variarum</strong></span> <span class='ocrx_word' id='word_1_82' title='bbox 827 2713 956 2784; x_wconf 91' lang='lat' dir='ltr'><strong>rerum,</strong></span> <span class='ocrx_word' id='word_1_83' title='bbox 995 2691 1037 2764; x_wconf 90' lang='lat' dir='ltr'><strong>de</strong></span> <span class='ocrx_word' id='word_1_84' title='bbox 1062 2692 1189 2784; x_wconf 87' lang='lat' dir='ltr'><strong>quibus</strong></span> <span class='ocrx_word' id='word_1_85' title='bbox 1227 2695 1359 2784; x_wconf 86' lang='lat' dir='ltr'><strong>poetria</strong></span> <span class='ocrx_word' id='word_1_86' title='bbox 1389 2696 1439 2767; x_wconf 95' lang='lat' dir='ltr'><strong>lo-</strong></span> 
     </span>
     <span class='ocr_line' id='line_1_15' title="bbox 188 2822 1439 2918; baseline 0.001 -18"><span class='ocrx_word' id='word_1_87' title='bbox 188 2834 270 2900; x_wconf 88' lang='lat' dir='ltr'><strong>cuta</strong></span> <span class='ocrx_word' id='word_1_88' title='bbox 295 2834 357 2918; x_wconf 89' lang='lat' dir='ltr'><strong>est,</strong></span> <span class='ocrx_word' id='word_1_89' title='bbox 384 2826 538 2917; x_wconf 92' lang='lat' dir='ltr'><strong>nomina,</strong></span> <span class='ocrx_word' id='word_1_90' title='bbox 565 2846 653 2916; x_wconf 89' lang='lat' dir='ltr'><strong>quae</strong></span> <span class='ocrx_word' id='word_1_91' title='bbox 677 2823 758 2898; x_wconf 90' lang='lat' dir='ltr'><strong>inde</strong></span> <span class='ocrx_word' id='word_1_92' title='bbox 784 2825 821 2897; x_wconf 94' lang='lat' dir='ltr'><strong>in</strong></span> <span class='ocrx_word' id='word_1_93' title='bbox 848 2822 965 2897; x_wconf 89' lang='lat' dir='ltr'><strong>Ovidii</strong></span> <span class='ocrx_word' id='word_1_94' title='bbox 992 2846 1130 2916; x_wconf 90' lang='lat' dir='ltr'><strong>carmen</strong></span> <span class='ocrx_word' id='word_1_95' title='bbox 1168 2828 1439 2918; x_wconf 85' lang='lat' dir='ltr'><strong>transmigrave-</strong></span> 
     </span>
     <span class='ocr_line' id='line_1_16' title="bbox 188 2957 1439 3055; baseline 0.001 -22"><span class='ocrx_word' id='word_1_96' title='bbox 188 2966 283 3034; x_wconf 91' lang='lat' dir='ltr'><strong>runt.</strong></span> <span class='ocrx_word' id='word_1_97' title='bbox 310 2959 390 3032; x_wconf 90' lang='lat' dir='ltr'><strong>Huc</strong></span> <span class='ocrx_word' id='word_1_98' title='bbox 415 2960 567 3049; x_wconf 92' lang='lat' dir='ltr'><strong>primum</strong></span> <span class='ocrx_word' id='word_1_99' title='bbox 592 2958 743 3030; x_wconf 92' lang='lat' dir='ltr'><strong>rariores</strong></span> <span class='ocrx_word' id='word_1_100' title='bbox 768 2958 807 3030; x_wconf 94' lang='lat' dir='ltr'><strong>in</strong></span> <span class='ocrx_word' id='word_1_101' title='bbox 831 2957 954 3048; x_wconf 85' lang='lat' dir='ltr'><strong>lingua</strong></span> <span class='ocrx_word' id='word_1_102' title='bbox 979 2958 1090 3031; x_wconf 91' lang='lat' dir='ltr'><strong>latina</strong></span> <span class='ocrx_word' id='word_1_103' title='bbox 1114 2979 1214 3032; x_wconf 84' lang='lat' dir='ltr'><strong>voces</strong></span> <span class='ocrx_word' id='word_1_104' title='bbox 1230 2959 1439 3055; x_wconf 89' lang='lat' dir='ltr'><strong>referuntur,</strong></span> 
     </span>
     <span class='ocr_line' id='line_1_17' title="bbox 130 3090 1440 3189; baseline -0.002 -19"><span class='ocrx_word' id='word_1_105' title='bbox 130 3129 136 3140; x_wconf 85' lang='lat'>·</span> <span class='ocrx_word' id='word_1_106' title='bbox 190 3116 280 3189; x_wconf 88' lang='lat' dir='ltr'><strong>quae</strong></span> <span class='ocrx_word' id='word_1_107' title='bbox 304 3094 348 3169; x_wconf 94' lang='lat' dir='ltr'><strong>ad</strong></span> <span class='ocrx_word' id='word_1_108' title='bbox 373 3092 624 3186; x_wconf 81' lang='lat' dir='ltr'><strong>designandam</strong></span> <span class='ocrx_word' id='word_1_109' title='bbox 649 3093 759 3188; x_wconf 85' lang='lat' dir='ltr'><strong>lyram</strong></span> <span class='ocrx_word' id='word_1_110' title='bbox 785 3090 1006 3185; x_wconf 84' lang='lat' dir='ltr'><strong>adhibentur,</strong></span> <span class='ocrx_word' id='word_1_111' title='bbox 1033 3099 1073 3166; x_wconf 91' lang='lat' dir='ltr'><strong>ut</strong></span> <span class='ocrx_word' id='word_1_112' title='bbox 1091 3117 1123 3166; x_wconf 92' lang='lat' dir='ltr'><strong>v.</strong></span> <span class='ocrx_word' id='word_1_113' title='bbox 1152 3097 1173 3167; x_wconf 86' lang='lat'>8</span> <span class='ocrx_word' id='word_1_114' title='bbox 1199 3093 1440 3168; x_wconf 89' lang='lat' dir='ltr'><strong>barbitos</strong></span> 
     </span>
     <span class='ocr_line' id='line_1_18' title="bbox 189 3225 1440 3326; baseline -0.004 -21"><span class='ocrx_word' id='word_1_115' title='bbox 189 3238 225 3304; x_wconf 89' lang='lat' dir='ltr'><strong>et</strong></span> <span class='ocrx_word' id='word_1_116' title='bbox 248 3255 281 3304; x_wconf 86' lang='lat' dir='ltr'><strong>v.</strong></span> <span class='ocrx_word' id='word_1_117' title='bbox 310 3235 377 3305; x_wconf 86' lang='lat'><strong>181</strong></span> <span class='ocrx_word' id='word_1_118' title='bbox 407 3228 596 3326; x_wconf 84' lang='lat' dir='ltr'><strong>chelys</strong></span> <span class='ocrx_word' id='word_1_119' title='bbox 622 3227 726 3299; x_wconf 90' lang='lat' dir='ltr'><strong>Prius</strong></span> <span class='ocrx_word' id='word_1_120' title='bbox 751 3226 956 3300; x_wconf 90' lang='lat' dir='ltr'><strong>vocabulum</strong></span> <span class='ocrx_word' id='word_1_121' title='bbox 981 3227 1019 3298; x_wconf 94' lang='lat' dir='ltr'><strong>in</strong></span> <span class='ocrx_word' id='word_1_122' title='bbox 1045 3225 1206 3319; x_wconf 85' lang='lat' dir='ltr'><strong>Sapphus</strong></span> <span class='ocrx_word' id='word_1_123' title='bbox 1228 3229 1440 3303; x_wconf 88' lang='lat' dir='ltr'><strong>carminibus</strong></span> 
     </span>
     <span class='ocr_line' id='line_1_19' title="bbox 190 3360 1441 3454; baseline -0.005 -14"><span class='ocrx_word' id='word_1_124' title='bbox 190 3367 297 3440; x_wconf 85' lang='lat' dir='ltr'><strong>fuisse</strong></span> <span class='ocrx_word' id='word_1_125' title='bbox 334 3365 535 3438; x_wconf 85' lang='lat' dir='ltr'><strong>Athenaeus</strong></span> <span class='ocrx_word' id='word_1_126' title='bbox 572 3360 634 3454; x_wconf 91' lang='lat' dir='ltr'><strong>IV,</strong></span> <span class='ocrx_word' id='word_1_127' title='bbox 674 3360 798 3450; x_wconf 84' lang='lat' dir='ltr'>182F</span> <span class='ocrx_word' id='word_1_128' title='bbox 838 3362 883 3454; x_wconf 91' lang='lat' dir='ltr'><strong>(v.</strong></span> <span class='ocrx_word' id='word_1_129' title='bbox 909 3362 997 3454; x_wconf 75' lang='lat' dir='ltr'><strong>frag,</strong></span> <span class='ocrx_word' id='word_1_130' title='bbox 1028 3363 1112 3453; x_wconf 84' lang='lat'>154)</span> <span class='ocrx_word' id='word_1_131' title='bbox 1152 3368 1311 3435; x_wconf 87' lang='lat' dir='ltr'><strong>testatur:</strong></span> <span class='ocrx_word' id='word_1_132' title='bbox 1360 3363 1441 3436; x_wconf 83' lang='grc' dir='ltr'><strong>Τόν</strong></span> 
     </span>
     <span class='ocr_line' id='line_1_20' title="bbox 192 3477 1441 3614; baseline -0.002 -40"><span class='ocrx_word' id='word_1_133' title='bbox 192 3493 281 3614; x_wconf 75' lang='grc' dir='ltr'><strong>γάρ</strong></span> <span class='ocrx_word' id='word_1_134' title='bbox 302 3497 511 3598; x_wconf 76' lang='grc' dir='ltr'><em>βάρωμον</em></span> <span class='ocrx_word' id='word_1_135' title='bbox 540 3494 608 3574; x_wconf 77' lang='grc' dir='ltr'><strong>καί</strong></span> <span class='ocrx_word' id='word_1_136' title='bbox 632 3493 805 3602; x_wconf 76' lang='grc' dir='ltr'><em>Βάρβι</em></span> <span class='ocrx_word' id='word_1_137' title='bbox 822 3519 888 3568; x_wconf 74' lang='lat' dir='ltr'><strong>ro</strong></span> <span class='ocrx_word' id='word_1_138' title='bbox 903 3522 935 3586; x_wconf 84' lang='lat' dir='ltr'><strong>a,</strong></span> <span class='ocrx_word' id='word_1_139' title='bbox 961 3477 1016 3568; x_wconf 76' lang='grc' dir='ltr'><strong>ὦν</strong></span> <span class='ocrx_word' id='word_1_140' title='bbox 1044 3490 1210 3595; x_wconf 79' lang='grc' dir='ltr'><em>Σαπφώ</em></span> <span class='ocrx_word' id='word_1_141' title='bbox 1237 3496 1302 3572; x_wconf 68' lang='grc' dir='ltr'><strong>καὶ</strong></span> <span class='ocrx_word' id='word_1_142' title='bbox 1325 3496 1441 3573; x_wconf 78' lang='grc' dir='ltr'><strong>Ἀνα-</strong></span> 
     </span>
    </p>
   </div>
   <div class='ocr_carea' id='block_1_8' title="bbox 193 3823 1443 4079">
    <p class='ocr_par' dir='ltr' id='par_1_8' title="bbox 193 3823 1443 4079">
     <span class='ocr_line' id='line_1_21' title="bbox 299 3823 1443 3900; baseline -0.007 -11"><span class='ocrx_word' id='word_1_143' title='bbox 299 3831 322 3900; x_wconf 73' lang='lat' dir='ltr'><strong>&#39;t</strong></span> <span class='ocrx_word' id='word_1_144' title='bbox 339 3830 379 3889; x_wconf 85' lang='lat' dir='ltr'><strong>cf.</strong></span> <span class='ocrx_word' id='word_1_145' title='bbox 390 3829 466 3886; x_wconf 86' lang='lat' dir='ltr'><strong>inira</strong></span> <span class='ocrx_word' id='word_1_146' title='bbox 476 3843 502 3898; x_wconf 90' lang='lat' dir='ltr'><strong>p.</strong></span> <span class='ocrx_word' id='word_1_147' title='bbox 513 3828 740 3894; x_wconf 79' lang='lat' dir='ltr'><strong>‹tt—lixemplar</strong></span> <span class='ocrx_word' id='word_1_148' title='bbox 758 3825 840 3880; x_wconf 88' lang='lat' dir='ltr'><strong>huius</strong></span> <span class='ocrx_word' id='word_1_149' title='bbox 859 3823 980 3895; x_wconf 81' lang='lat' dir='ltr'><strong>distichi,</strong></span> <span class='ocrx_word' id='word_1_150' title='bbox 1000 3823 1077 3880; x_wconf 88' lang='lat' dir='ltr'><strong>cuius</strong></span> <span class='ocrx_word' id='word_1_151' title='bbox 1095 3823 1284 3880; x_wconf 82' lang='lat' dir='ltr'><strong>hexametrum</strong></span> <span class='ocrx_word' id='word_1_152' title='bbox 1293 3823 1349 3878; x_wconf 85' lang='lat' dir='ltr'><strong>iam</strong></span> <span class='ocrx_word' id='word_1_153' title='bbox 1358 3839 1443 3894; x_wconf 85' lang='lat' dir='ltr'><strong>supra</strong></span> 
     </span>
     <span class='ocr_line' id='line_1_22' title="bbox 193 3913 1443 3995; baseline -0.01 -13"><span class='ocrx_word' id='word_1_154' title='bbox 193 3938 220 3995; x_wconf 86' lang='lat' dir='ltr'><strong>p.</strong></span> <span class='ocrx_word' id='word_1_155' title='bbox 241 3925 274 3982; x_wconf 83' lang='grc'><strong>20</strong></span> <span class='ocrx_word' id='word_1_156' title='bbox 294 3935 355 3978; x_wconf 90' lang='lat' dir='ltr'><strong>oum</strong></span> <span class='ocrx_word' id='word_1_157' title='bbox 372 3920 500 3989; x_wconf 83' lang='lat' dir='ltr'><strong>Sapphus</strong></span> <span class='ocrx_word' id='word_1_158' title='bbox 519 3917 591 3984; x_wconf 77' lang='lat' dir='ltr'><strong>frag.</strong></span> <span class='ocrx_word' id='word_1_159' title='bbox 611 3917 644 3975; x_wconf 83' lang='lat'><strong>95</strong></span> <span class='ocrx_word' id='word_1_160' title='bbox 673 3915 880 3986; x_wconf 84' lang='lat' dir='ltr'><strong>composuimus,</strong></span> <span class='ocrx_word' id='word_1_161' title='bbox 908 3914 969 3970; x_wconf 90' lang='lat' dir='ltr'><strong>Birt</strong></span> <span class='ocrx_word' id='word_1_162' title='bbox 996 3915 1015 3970; x_wconf 93' lang='lat' dir='ltr'><strong>l.</strong></span> <span class='ocrx_word' id='word_1_163' title='bbox 1034 3916 1054 3970; x_wconf 91' lang='lat' dir='ltr'><strong>l.</strong></span> <span class='ocrx_word' id='word_1_164' title='bbox 1074 3928 1100 3982; x_wconf 90' lang='lat' dir='ltr'><strong>p.</strong></span> <span class='ocrx_word' id='word_1_165' title='bbox 1120 3914 1172 3971; x_wconf 74' lang='lat'><strong>432</strong></span> <span class='ocrx_word' id='word_1_166' title='bbox 1196 3913 1226 3968; x_wconf 93' lang='lat' dir='ltr'><strong>in</strong></span> <span class='ocrx_word' id='word_1_167' title='bbox 1245 3927 1443 3983; x_wconf 73' lang='lat' dir='ltr'><strong>anonymorum</strong></span> 
     </span>
     <span class='ocr_line' id='line_1_23' title="bbox 194 4004 815 4079; baseline -0.016 -9"><span class='ocrx_word' id='word_1_168' title='bbox 194 4011 364 4070; x_wconf 79' lang='lat' dir='ltr'><strong>dcllimaoho</strong></span> <span class='ocrx_word' id='word_1_169' title='bbox 382 4008 567 4079; x_wconf 87' lang='lat' dir='ltr'><strong>ascriptorum</strong></span> <span class='ocrx_word' id='word_1_170' title='bbox 585 4005 657 4074; x_wconf 71' lang='lat' dir='ltr'><strong>frag.</strong></span> <span class='ocrx_word' id='word_1_171' title='bbox 678 4006 711 4063; x_wconf 80' lang='grc'><strong>93</strong></span> <span class='ocrx_word' id='word_1_172' title='bbox 731 4004 815 4062; x_wconf 86' lang='lat' dir='ltr'><strong>videt:</strong></span> 
     </span>
    </p>
   </div>
   <div class='ocr_carea' id='block_1_9' title="bbox 195 4079 1446 4842">
    <p class='ocr_par' dir='ltr' id='par_1_9' title="bbox 302 4079 1131 4382">
     <span class='ocr_line' id='line_1_24' title="bbox 365 4079 1131 4185; baseline -0.012 -18"><span class='ocrx_word' id='word_1_173' title='bbox 365 4079 473 4182; x_wconf 73' lang='lat' dir='ltr'><strong>3Hpoc</strong></span> <span class='ocrx_word' id='word_1_174' title='bbox 494 4097 526 4162; x_wconf 79' lang='grc' dir='ltr'><strong>δ’</strong></span> <span class='ocrx_word' id='word_1_175' title='bbox 548 4097 734 4185; x_wconf 79' lang='grc' dir='ltr'><strong><em>ἠπεροπῆας</em></strong></span> <span class='ocrx_word' id='word_1_176' title='bbox 756 4091 971 4177; x_wconf 73' lang='grc' dir='ltr'><strong>ἀπεπτοίησεν</strong></span> <span class='ocrx_word' id='word_1_177' title='bbox 996 4090 1131 4178; x_wconf 77' lang='grc' dir='ltr'><strong>ὀνείρους</strong></span> 
     </span>
     <span class='ocr_line' id='line_1_25' title="bbox 550 4199 804 4290; baseline -0.012 -21"><span class='ocrx_word' id='word_1_178' title='bbox 550 4201 653 4290; x_wconf 57' lang='grc' dir='ltr'><em>ἠέλιος</em></span> <span class='ocrx_word' id='word_1_179' title='bbox 673 4199 804 4288; x_wconf 60' lang='lat' dir='ltr'><strong>dccxciv.</strong></span> 
     </span>
     <span class='ocr_line' id='line_1_26' title="bbox 302 4314 583 4382; baseline -0.011 -9"><span class='ocrx_word' id='word_1_180' title='bbox 302 4315 339 4382; x_wconf 70' lang='lat'><strong>⁴⁶)</strong></span> <span class='ocrx_word' id='word_1_181' title='bbox 357 4316 427 4372; x_wconf 79' lang='lat' dir='ltr'><strong>tium</strong></span> <span class='ocrx_word' id='word_1_182' title='bbox 447 4314 519 4382; x_wconf 72' lang='lat' dir='ltr'><strong>frag.</strong></span> <span class='ocrx_word' id='word_1_183' title='bbox 539 4314 583 4372; x_wconf 82' lang='lat'><strong>87:</strong></span> 
     </span>
    </p>

    <p class='ocr_par' dir='ltr' id='par_1_10' title="bbox 195 4397 1446 4842">
     <span class='ocr_line' id='line_1_27' title="bbox 516 4397 1127 4486; baseline -0.016 -18"><span class='ocrx_word' id='word_1_184' title='bbox 516 4404 561 4470; x_wconf 78' lang='lat' dir='ltr'><strong>zo</strong></span> <span class='ocrx_word' id='word_1_185' title='bbox 582 4401 613 4468; x_wconf 72' lang='grc' dir='ltr'><strong>δ’</strong></span> <span class='ocrx_word' id='word_1_186' title='bbox 637 4397 793 4486; x_wconf 61' lang='lat' dir='ltr'><strong>&amp;agapae</strong></span> <span class='ocrx_word' id='word_1_187' title='bbox 815 4398 890 4485; x_wconf 83' lang='grc' dir='ltr'>ὄναρ</span> <span class='ocrx_word' id='word_1_188' title='bbox 917 4397 1127 4483; x_wconf 78' lang='grc' dir='ltr'><em>Κυπρογενήᾳ</em></span> 
     </span>
     <span class='ocr_line' id='line_1_28' title="bbox 195 4507 1445 4583; baseline -0.006 -11"><span class='ocrx_word' id='word_1_189' title='bbox 195 4518 251 4572; x_wconf 89' lang='lat' dir='ltr'><strong>huc</strong></span> <span class='ocrx_word' id='word_1_190' title='bbox 269 4514 444 4571; x_wconf 76' lang='lat' dir='ltr'><strong>referendum</strong></span> <span class='ocrx_word' id='word_1_191' title='bbox 472 4512 517 4583; x_wconf 84' lang='lat' dir='ltr'><strong>sit,</strong></span> <span class='ocrx_word' id='word_1_192' title='bbox 545 4510 617 4578; x_wconf 83' lang='lat' dir='ltr'><strong>qnod</strong></span> <span class='ocrx_word' id='word_1_193' title='bbox 643 4509 756 4566; x_wconf 87' lang='lat' dir='ltr'><strong>initium</strong></span> <span class='ocrx_word' id='word_1_194' title='bbox 785 4509 916 4565; x_wconf 85' lang='lat' dir='ltr'><strong>carminis</strong></span> <span class='ocrx_word' id='word_1_195' title='bbox 943 4508 1030 4564; x_wconf 87' lang='lat' dir='ltr'><strong>inisse</strong></span> <span class='ocrx_word' id='word_1_196' title='bbox 1057 4507 1146 4574; x_wconf 80' lang='lat' dir='ltr'><strong>Bergk</strong></span> <span class='ocrx_word' id='word_1_197' title='bbox 1174 4508 1209 4563; x_wconf 86' lang='lat' dir='ltr'><strong>ad</strong></span> <span class='ocrx_word' id='word_1_198' title='bbox 1236 4508 1264 4565; x_wconf 90' lang='lat' dir='ltr'><strong>h.</strong></span> <span class='ocrx_word' id='word_1_199' title='bbox 1288 4511 1308 4566; x_wconf 90' lang='lat' dir='ltr'><strong>l.</strong></span> <span class='ocrx_word' id='word_1_200' title='bbox 1337 4509 1445 4582; x_wconf 84' lang='lat' dir='ltr'><strong>conicit,</strong></span> 
     </span>
     <span class='ocr_line' id='line_1_29' title="bbox 197 4596 1446 4676; baseline -0.01 -15"><span class='ocrx_word' id='word_1_201' title='bbox 197 4605 307 4662; x_wconf 87' lang='lat' dir='ltr'><strong>decerni</strong></span> <span class='ocrx_word' id='word_1_202' title='bbox 325 4618 380 4660; x_wconf 95' lang='lat' dir='ltr'><strong>non</strong></span> <span class='ocrx_word' id='word_1_203' title='bbox 397 4602 496 4672; x_wconf 90' lang='lat' dir='ltr'><strong>potest.</strong></span> <span class='ocrx_word' id='word_1_204' title='bbox 509 4630 540 4639; x_wconf 90' lang='lat'>—</span> <span class='ocrx_word' id='word_1_205' title='bbox 552 4600 679 4658; x_wconf 81' lang='lat' dir='ltr'><strong>dotorum</strong></span> <span class='ocrx_word' id='word_1_206' title='bbox 706 4599 797 4676; x_wconf 78' lang='lat' dir='ltr'><strong>Bergk</strong></span> <span class='ocrx_word' id='word_1_207' title='bbox 825 4599 855 4654; x_wconf 90' lang='lat' dir='ltr'><strong>in</strong></span> <span class='ocrx_word' id='word_1_208' title='bbox 873 4598 984 4654; x_wconf 83' lang='lat' dir='ltr'><strong>libanii</strong></span> <span class='ocrx_word' id='word_1_209' title='bbox 1003 4596 1095 4653; x_wconf 88' lang='lat' dir='ltr'><strong>vorbis</strong></span> <span class='ocrx_word' id='word_1_210' title='bbox 1114 4610 1164 4666; x_wconf 91' lang='lat' dir='ltr'><strong>pro</strong></span> <span class='ocrx_word' id='word_1_211' title='bbox 1182 4598 1358 4664; x_wconf 66' lang='grc' dir='ltr'><strong><em>διπλασίαν</em></strong></span> <span class='ocrx_word' id='word_1_212' title='bbox 1381 4613 1446 4655; x_wconf 79' lang='lat' dir='ltr'><strong>voco</strong></span> 
     </span>
     <span class='ocr_line' id='line_1_30' title="bbox 196 4686 1446 4782; baseline -0.006 -31"><span class='ocrx_word' id='word_1_213' title='bbox 196 4693 393 4782; x_wconf 66' lang='grc' dir='ltr'><strong><em>τριπλαρίαν</em></strong></span> <span class='ocrx_word' id='word_1_214' title='bbox 411 4693 508 4762; x_wconf 91' lang='lat' dir='ltr'><strong>reponi</strong></span> <span class='ocrx_word' id='word_1_215' title='bbox 526 4692 611 4763; x_wconf 89' lang='lat' dir='ltr'><strong>iuhet;</strong></span> <span class='ocrx_word' id='word_1_216' title='bbox 639 4689 710 4757; x_wconf 85' lang='lat' dir='ltr'><strong>qnod</strong></span> <span class='ocrx_word' id='word_1_217' title='bbox 736 4704 792 4745; x_wconf 91' lang='lat' dir='ltr'><strong>non</strong></span> <span class='ocrx_word' id='word_1_218' title='bbox 810 4688 981 4760; x_wconf 87' lang='lat' dir='ltr'><strong>probandum</strong></span> <span class='ocrx_word' id='word_1_219' title='bbox 1000 4688 1049 4758; x_wconf 77' lang='lat' dir='ltr'><strong>ost,</strong></span> <span class='ocrx_word' id='word_1_220' title='bbox 1079 4700 1140 4742; x_wconf 91' lang='lat' dir='ltr'><strong>oum</strong></span> <span class='ocrx_word' id='word_1_221' title='bbox 1159 4688 1187 4741; x_wconf 90' lang='lat' dir='ltr'><strong>ct</strong></span> <span class='ocrx_word' id='word_1_222' title='bbox 1205 4686 1313 4758; x_wconf 83' lang='lat' dir='ltr'><strong>Sappho</strong></span> <span class='ocrx_word' id='word_1_223' title='bbox 1342 4687 1446 4758; x_wconf 92' lang='lat' dir='ltr'><strong>duplici</strong></span> 
     </span>
     <span class='ocr_line' id='line_1_31' title="bbox 197 4773 1445 4842; baseline -0.007 0"><span class='ocrx_word' id='word_1_224' title='bbox 197 4788 277 4842; x_wconf 87' lang='lat' dir='ltr'><strong>nocte</strong></span> <span class='ocrx_word' id='word_1_225' title='bbox 296 4799 350 4841; x_wconf 91' lang='lat' dir='ltr'><strong>non</strong></span> <span class='ocrx_word' id='word_1_226' title='bbox 367 4785 497 4840; x_wconf 84' lang='lat' dir='ltr'><strong>contenta</strong></span> <span class='ocrx_word' id='word_1_227' title='bbox 515 4781 704 4838; x_wconf 87' lang='lat' dir='ltr'><strong>immodestior</strong></span> <span class='ocrx_word' id='word_1_228' title='bbox 722 4773 857 4837; x_wconf 87' lang='lat' dir='ltr'><strong>videatur‘</strong></span> <span class='ocrx_word' id='word_1_229' title='bbox 870 4780 898 4835; x_wconf 90' lang='lat' dir='ltr'><strong>ot</strong></span> <span class='ocrx_word' id='word_1_230' title='bbox 916 4778 1015 4835; x_wconf 85' lang='lat' dir='ltr'><strong>fabula</strong></span> <span class='ocrx_word' id='word_1_231' title='bbox 1034 4777 1066 4832; x_wconf 87' lang='lat' dir='ltr'><strong>de</strong></span> <span class='ocrx_word' id='word_1_232' title='bbox 1085 4777 1202 4835; x_wconf 85' lang='lat' dir='ltr'><strong>Hercule</strong></span> <span class='ocrx_word' id='word_1_233' title='bbox 1221 4777 1307 4831; x_wconf 89' lang='lat' dir='ltr'><strong>trium</strong></span> <span class='ocrx_word' id='word_1_234' title='bbox 1325 4778 1445 4833; x_wconf 89' lang='lat' dir='ltr'><strong>noctium</strong></span> 
     </span>
    </p>
   </div>
   <div class='ocr_carea' id='block_1_10' title="bbox 197 4866 1299 4941">
    <p class='ocr_par' dir='ltr' id='par_1_11' title="bbox 197 4866 1299 4941">
     <span class='ocr_line' id='line_1_32' title="bbox 197 4866 1299 4941; baseline -0.007 -8"><span class='ocrx_word' id='word_1_235' title='bbox 197 4875 272 4933; x_wconf 85' lang='lat' dir='ltr'><strong>lovis</strong></span> <span class='ocrx_word' id='word_1_236' title='bbox 294 4890 355 4930; x_wconf 85' lang='lat' dir='ltr'><strong>cum</strong></span> <span class='ocrx_word' id='word_1_237' title='bbox 373 4875 502 4931; x_wconf 74' lang='lat' dir='ltr'><strong>Alcmona</strong></span> <span class='ocrx_word' id='word_1_238' title='bbox 522 4873 596 4928; x_wconf 86' lang='lat' dir='ltr'><strong>coitu</strong></span> <span class='ocrx_word' id='word_1_239' title='bbox 614 4872 757 4941; x_wconf 85' lang='lat' dir='ltr'><strong>procreato</strong></span> <span class='ocrx_word' id='word_1_240' title='bbox 778 4869 812 4926; x_wconf 87' lang='lat' dir='ltr'><strong>ad</strong></span> <span class='ocrx_word' id='word_1_241' title='bbox 832 4869 957 4939; x_wconf 82' lang='lat' dir='ltr'><strong>Sapphus</strong></span> <span class='ocrx_word' id='word_1_242' title='bbox 976 4867 1061 4924; x_wconf 86' lang='lat' dir='ltr'><strong>verba</strong></span> <span class='ocrx_word' id='word_1_243' title='bbox 1079 4881 1134 4921; x_wconf 93' lang='lat' dir='ltr'><strong>non</strong></span> <span class='ocrx_word' id='word_1_244' title='bbox 1151 4866 1299 4937; x_wconf 85' lang='lat' dir='ltr'><strong>pertineat.</strong></span> 
     </span>
    </p>
   </div>
   <div class='ocr_carea' id='block_1_11' title="bbox 0 0 1899 6004">
    <p class='ocr_par' dir='ltr' id='par_1_12' title="bbox 0 0 1899 6004">
     <span class='ocr_line' id='line_1_33' title="bbox 0 0 1899 6004; baseline 0 0"><span class='ocrx_word' id='word_1_245' title='bbox 0 0 1899 6004; x_wconf 95' lang='lat' dir='ltr'><strong> </strong></span> 
     </span>
    </p>
   </div>
  </div>
 </body>
</html>
