3736 6012
816 547 851 626 t

209 779 325 872 officio
350 789 465 856 nostro
491 785 542 857 ita
562 786 679 877 tundi
701 807 834 878 summ,
874 787 977 860 utin
995 787 1120 878 priore
1145 789 1218 860 eins
1235 795 1345 879 parte
1369 811 1460 862 eam-
1609 791 1611 796 “

202 917 369 1010 pluribus
407 920 590 992 ovidianis
627 921 708 994 loeis
747 943 826 994 cum
865 921 1031 1014 Sappbus
1077 923 1290 1014 frupmentis
1328 923 1459 996 collatis

209 1049 459 1122 ostenderimus
484 1052 685 1124 Romanum
702 1058 843 1148 poetam
868 1075 964 1125 non
1001 1075 1019 1124 e
1057 1054 1349 1140 comoediis,
1375 1053 1460 1126 sed

116 1244 118 1248 .
209 1181 426 1274 enipsis
460 1186 703 1275 poetriae
742 1185 1070 1259 carminibus
1104 1187 1264 1278 plurima
1300 1188 1459 1278 deprom-

201 1319 325 1409 psisse,
352 1318 506 1391 adbibita
516 1326 697 1410 praeterea
710 1321 855 1414 cutiam
879 1321 1035 1412 quadam
1057 1323 1210 1413 poetriae
1225 1322 1307 1413 oda,
1334 1345 1375 1394 ec
1391 1345 1460 1414 quc

203 1474 321 1544 pmma
346 1458 483 1526 tantum
498 1453 679 1527 ‘ddibaoit
708 1456 767 1528 Ita
787 1456 923 1544 sactum
948 1463 1007 1539 est,
1034 1463 1074 1529 ut
1088 1458 1219 1544 multis,
1246 1478 1332 1548 quac
1358 1463 1460 1530 antea

207 1590 340 1661 ineerta
367 1610 437 1662 esse
455 1589 684 1684 putabantur,
711 1592 774 1664 bac
798 1615 888 1665 noou
902 1615 989 1665 ansa
1014 1593 1222 1684 confirmata
1244 1592 1460 1686 stabilitaque

203 1720 298 1808 fides
323 1720 525 1794 additassit.
554 1723 644 1805 Cum
668 1744 748 1795 uera
772 1724 1042 1802 demonstrantis
1080 1724 1126 1797 sit
1151 1746 1221 1796 nan
1257 1724 1370 1796 salum
1393 1746 1460 1797 sua

204 1853 343 1943 fulcire,
370 1855 570 1948 sedetiam,
597 1878 684 1948 quac
710 1857 997 1950 contrafaciant,
1036 1858 1223 1949 infirmare
1254 1858 1460 1949 labefactare

208 1987 372 2078 refutare,
397 2010 461 2063 nos
484 2011 614 2082 qnoque
638 1993 828 2064 nonnullas
853 1992 896 2063 de
922 1990 1105 2083 Serapione
1131 1992 1232 2064 tritas
1270 1991 1456 2064 smtcntias

208 2121 346 2211 reicere,
373 2122 453 2194 alies
477 2145 583 2195 nouas
608 2145 778 2215 opponere
803 2125 1016 2198 studuimus:
1040 2147 1127 2217 quae
1148 2125 1341 2216 posteriore
1355 2124 1461 2199 buius

161 2331 165 2339 ,
208 2253 457 2329 lucubrationis
475 2261 582 2347 purte
607 2259 836 2331 continentur.
1096 2261 1100 2270 '

307 2388 407 2478 onoc
432 2396 548 2463 autem
573 2392 620 2463 ad
645 2393 740 2463 aiam
765 2398 797 2465 et
821 2394 990 2467 rationem
1016 2394 1152 2486 attinet,
1190 2415 1259 2485 qua
1290 2393 1329 2465 in
1353 2392 1460 2465 disse-

208 2525 337 2618 rendo,
358 2523 550 2615 utebamur,
583 2527 793 2617 plerumque
833 2527 1012 2617 imprimis
1052 2527 1091 2599 in
1126 2525 1317 2617 posteriore
1359 2532 1461 2617 parte
1543 2621 1545 2626 ,

211 2657 397 2730 Letronnii
420 2658 518 2731 illius
543 2659 748 2732 sententiam
761 2660 914 2750 ampleui
926 2660 1159 2752 sequebamur,
1186 2681 1290 2750 qnam
1302 2657 1462 2749 Pamflaa

212 2789 267 2878 (a.
282 2790 577 2884 nonandtnnpcn
602 2794 666 2865 der
690 2793 827 2867 Berlin.
854 2794 970 2868 Alad.
999 2795 1063 2866 der
1092 2794 1460 2868 Wissensob.a.1849

207 2951 244 3020 p.
273 2933 368 3023 107)
392 2951 663 3003 commemorans
687 2931 870 3004 'laudauit
909 2930 974 3020 ,Je
999 2932 1048 3004 les
1073 2932 1191 3022 inrita,
1219 2930 1346 3023 (inquit
1371 2929 1459 3022 ille),

209 3063 232 3134 a
256 3083 299 3132 ne
320 3083 387 3154 pas
413 3063 624 3137 craindre..
652 3064 695 3135 de
719 3064 883 3137 s'e‘curtcr
908 3064 951 3137 de
974 3061 1143 3154 l'opiuion
1170 3083 1348 3138 commune
1373 3060 1462 3134 etde

204 3215 373 3288 proposcr
410 3197 459 3268 les
496 3197 717 3288 conjectures,
756 3197 817 3287 qui
835 3197 931 3269 'lem
954 3195 1192 3269 sembleraient
1223 3175 1458 3286 probables..
1558 3241 1559 3244 =

210 3328 810 3422 Quandonal‘uualopie
849 3329 1462 3429 poursoi,ilnefuutpasse

208 3463 330 3535 laisser
356 3467 492 3535 urrbter
526 3485 597 3556 par
621 3465 659 3537 la
683 3464 815 3537 erainte
858 3464 901 3535 de
938 3484 983 3534 ne
1016 3483 1083 3554 pos
1122 3468 1324 3534 reneontrer
1353 3461 1458 3550 juste.

211 3594 300 3669 (lest
324 3619 375 3668 un
391 3598 483 3687 petit
508 3598 667 3671 malbeur
691 3599 776 3670 dont
800 3618 844 3669 on
869 3597 978 3668 deora
1001 3599 1112 3668 meme
1132 3595 1366 3688 s'applaudir,
1392 3595 1460 3667 si..

210 3753 254 3805 ou
278 3755 301 3804 a
319 3754 376 3823 pn
399 3737 569 3825 suppirer
593 3733 653 3805 des
678 3755 760 3805 aues
786 3755 830 3805 ou
854 3733 914 3804 des
939 3729 1134 3804 recberclres
1159 3731 1367 3803 nouodles“.

309 3865 364 3936 Dc
389 3887 459 3938 uno
484 3872 620 3938 tantum
645 3888 698 3938 me
723 3875 923 3941 auersatum
949 3871 1063 3959 aelim,
1106 3871 1196 3961 quod
1233 3869 1307 3960 ipse
1332 3890 1462 3960 quoque

209 4001 304 4072 tund
329 4022 411 4072 rara
436 4001 672 4073 molestissime
704 4003 870 4093 ferebam,
909 4005 1000 4095 quod
1037 4005 1132 4076 enim
1175 4005 1321 4077 Ouidius
1345 4004 1463 4076 Tomis

210 4135 374 4207 ensuluus
398 4136 441 4206 de
465 4135 634 4209 librorum
658 4135 780 4227 inopia
816 4144 954 4228 questus
978 4145 1037 4225 est,
1076 4139 1115 4212 id
1140 4138 1226 4210 mitri
1270 4159 1400 4229 quoqne
1424 4137 1464 4208 iu

210 4269 293 4342 urbe
317 4269 415 4341 libris
441 4271 583 4342 minime
609 4270 807 4343 abundante
843 4278 875 4344 et
900 4294 922 4342 a
947 4272 1092 4363 copiosis
1125 4271 1330 4344 bibliothecis
1354 4294 1463 4344 remo·

211 4403 347 4476 tissima
371 4402 510 4494 dependi
533 4405 798 4477 lamentandum
818 4405 904 4495 fuit:
929 4406 1055 4478 multos
1073 4404 1178 4478 libros
1197 4404 1464 4497 eosquedipnos,

210 4537 270 4629 qui
294 4538 491 4610 accuratius
515 4539 762 4624 euoluereutur,
789 4560 832 4610 ne
856 4539 1026 4630 inspicere
1052 4540 1191 4630 quidem
1227 4539 1338 4628 licuit3
1365 4538 1462 4630 alios,

211 4691 293 4761 qnos
317 4650 551 4761 iampridem
576 4692 804 4758 cucusseram,
844 4673 883 4742 in
920 4672 1139 4744 retractando
1175 4671 1465 4762 perpoliendaque

211 4805 374 4895 opusculo
397 4804 525 4876 iterum
550 4806 705 4878 adeundi
726 4812 889 4897 potestate
915 4806 1081 4878 carebam.
1113 4805 1209 4895 Quae
1222 4778 1465 4895 cunataimpe-

211 4937 362 5010 dimento
381 4938 540 5032 fuerunt,
565 4940 750 5034 ammiuus
775 4939 1050 5016 dissertationem
1088 4939 1241 5035 undipm
1273 4939 1465 5033 perfeetum
