3736 6012
986 531 1184 604 ..42-

458 752 612 827 nondum
639 763 832 848 temporum
871 763 1001 834 iniuria
1027 769 1232 854 consumpta
1270 769 1395 852 essent,
1435 761 1589 834 homines
1613 758 1703 832 litte·

457 890 536 980 rati,
564 892 623 980 qui
648 899 683 964 et
706 891 868 985 Sapphus
894 903 928 968 et
948 894 1064 968 Ovidii
1092 898 1248 970 earmina
1272 894 1486 984 lectitabant,
1512 916 1553 965 ex
1580 914 1704 984 magna

455 1022 684 1099 similitudine
723 1028 813 1100 inter
851 1028 968 1102 Ovidii
996 1030 1178 1104 Heroidem
1221 1037 1255 1103 et
1281 1031 1442 1121 Sapphus
1468 1031 1505 1101 in
1528 1030 1704 1103 Phaonem

458 1177 597 1231 carmen
622 1159 856 1234 intercedente
881 1162 1106 1237 coniectando
1121 1167 1270 1238 assecuti
1296 1172 1379 1237 sunt
1406 1165 1496 1237 hanc
1520 1139 1704 1255 epistulam

458 1289 502 1363 ab
529 1289 654 1365 Ouidio
678 1316 697 1365 e
723 1292 854 1368 Graeco
880 1297 1086 1370 translatam
1112 1320 1196 1390 esse,
1223 1321 1292 1372 non
1317 1297 1455 1392 quidem
1481 1298 1704 1387 adverbum,

458 1427 519 1500 sed
544 1435 583 1501 ut
608 1452 682 1504 mos
707 1440 791 1523 erat,
819 1433 975 1524 liberius
1002 1435 1094 1508 unde
1119 1435 1178 1507 illa
1203 1435 1444 1527 aquibusdam
1471 1443 1608 1509 servata
1632 1438 1704 1527 opi-

458 1563 515 1636 nio
540 1564 684 1638 fluxisse
708 1566 856 1640 videtur.

556 1699 649 1771 Fieri
675 1703 798 1793 potuit,
825 1707 865 1774 ut
879 1701 1042 1794 Sapphus
1067 1705 1217 1795 epistula
1243 1704 1417 1780 O-vidiana
1442 1707 1611 1796 prima
1635 1686 1705 1777 om·

458 1833 555 1904 nium
595 1835 786 1906 ceterarum
825 1835 1014 1910 Heroidum
1054 1858 1075 1910 a
1114 1838 1254 1912 Nasone
1291 1838 1510 1932 Sapphonem
1550 1841 1706 1913 imitante

458 1967 590 2058 scripta
615 1967 673 2059 sit,
711 1969 801 2060 quod
839 1973 951 2061 poesis
991 1947 1101 2061 gen'us
1141 1995 1219 2058 cum
1259 1981 1292 2046 et
1317 1975 1384 2063 ipsi
1425 1981 1460 2046 et
1483 1973 1705 2064 popularibus

459 2101 553 2174 haud
579 2102 789 2196 displiceret,
809 2105 959 2198 —quod
985 2109 1054 2179 iam
1082 2131 1122 2180 ex
1149 2107 1269 2182 Sabini
1297 2112 1469 2200 responsis
1488 2110 1522 2200 l)
1550 2108 1706 2182 concludi

458 2243 631 2330 potest-,
660 2236 785 2312 Ovidio
810 2242 848 2313 in
875 2249 1023 2314 mentem
1062 2245 1167 2333 venit,
1208 2250 1248 2316 ut
1272 2242 1445 2316 fabulosas
1471 2263 1606 2336 quoque
1630 2241 1706 2314 illas

459 2372 616 2446 heroides
644 2374 846 2448 absentibus
873 2377 959 2448 viris
986 2384 1047 2449 aut
1076 2378 1217 2449 amasiis
1239 2347 1405 2450 eiusmodi
1433 2377 1597 2467 epistulas
1623 2377 1706 2448 scri-

459 2508 580 2582 bentes
618 2510 756 2583 laceret.
796 2512 917 2605 ltaque
955 2519 996 2584 ut
1028 2513 1065 2585 in
1104 2513 1409 2603 metamorphosesi
1450 2511 1571 2584 doctus
1609 2515 1708 2601 poeta

458 2640 610 2733 undique
635 2665 676 2715 ea
689 2651 894 2734 argumenta
920 2645 1112 2737 colligebat,
1140 2645 1199 2717 ubi
1213 2644 1257 2718 de
1281 2668 1314 2717 m
1331 2647 1502 2718 utatis
1527 2645 1707 2716 formis

458 2797 570 2848 sermo
595 2784 680 2868 erat,
707 2778 756 2850 ita
795 2778 1065 2853 hicabsens
1106 2781 1298 2852 coniux
1336 2787 1398 2852 aut
1424 2786 1713 2851 amatusan-

458 2930 531 2981 sam
558 2909 601 2982 ad
616 2932 755 2983 carmen
784 2911 1056 3003 componendum
1084 2915 1114 2985 ei
1128 2913 1299 3004 praebuit.
1326 2913 1424 3005 Quod
1455 2933 1534 2985 vero
1561 2911 1709 2985 Ovidius

457 3045 516 3116 illo
541 3045 709 3118 Amorum
734 3046 807 3119 loeo
834 3068 954 3120 novem
981 3047 1148 3120 Heroides
1175 3069 1255 3120 suas
1282 3068 1463 3120 recensens
1489 3044 1710 3137 Sapphonem

459 3180 682 3253 novissimam
720 3183 912 3256 nominavit
951 3182 1010 3274 (II,
1041 3186 1095 3272 18,
1125 3186 1198 3273 26),
1233 3203 1271 3253 11
1298 3182 1438 3255 minime
1475 3179 1709 3271 prohibemur,

458 3315 643 3405 quominus
669 3316 759 3388 hanc
773 3316 957 3406 epistulam
984 3316 1133 3408 primam
1149 3316 1303 3387 omnium
1318 3316 1482 3404 scriptam
1503 3334 1578 3384 esse
1603 3333 1710 3402 pona-

459 3445 547 3540 mus,
593 3450 756 3540 quoniam
794 3450 852 3521 vix
890 3448 1076 3521 verisimile
1114 3457 1166 3521 est
1203 3455 1339 3538 poetam
1379 3447 1546 3538 epistulas
1572 3467 1610 3518 eo
1636 3447 1711 3536 ipso

459 3581 579 3655 ordine
616 3575 838 3673 recensuisse,
878 3603 945 3673 qno
985 3584 1201 3673 conscriptae
1239 3589 1342 3674 atque
1380 3583 1417 3654 in
1455 3582 1567 3653 lucem
1599 3579 1711 3651 editae

459 3718 633 3809 erant**).
663 3717 796 3807 Quibus
822 3718 945 3808 positis
959 3717 1070 3788 multa
1096 3716 1229 3807 menda,
1257 3736 1345 3809 quae
1370 3716 1545 3806 primitias
1560 3714 1638 3786 illas
1652 3713 1710 3786 de-

460 3852 621 3943 formant,
661 3852 798 3924 facilius
837 3853 994 3923 excusari
1031 3857 1187 3942 possunt,
1226 3870 1314 3941 qnae
1351 3857 1450 3942 poeta
1490 3856 1608 3940 postea
1645 3870 1710 3921 usu

565 4185 587 4251 *l
604 4186 634 4242 l.
653 4186 742 4242 Amor.
762 4187 798 4256 ll,
819 4188 861 4257 18,
881 4187 913 4242 27
933 4200 989 4251 sqq.

550 4276 586 4344 **)
604 4276 663 4332 lion
690 4276 811 4332 alienum
838 4278 872 4332 ab
900 4276 951 4330 hoo
970 4277 1028 4331 loeo
1048 4290 1105 4331 asse
1124 4275 1193 4330 mihi
1213 4276 1323 4331 videtur·
1342 4276 1450 4344 addere,
1469 4274 1601 4341 quomodo
1620 4273 1712 4343 expli·

459 4367 575 4423 candum
593 4379 650 4420 osse
670 4380 803 4435 censeam,
823 4380 871 4420 onr
890 4365 958 4420 haec
978 4365 1098 4434 epistula
1117 4365 1147 4420 in
1166 4362 1247 4420 libris
1266 4364 1466 4433 manuscriptis
1485 4365 1711 4433 separatim

458 4454 681 4511 circumferatur.
700 4454 765 4511 dnm
795 4454 929 4524 epistulae
958 4454 1104 4511 0111111111
1128 4455 1158 4509 in
1177 4455 1298 4510 ordinem
1318 4454 1519 4523 digererentur,
1539 4454 1563 4508 is
1583 4453 1630 4520 qni
1649 4468 1711 4508 enm

457 4546 581 4602 laborem
600 4546 766 4615 susceperat,
793 4545 919 4613 Sapphus
947 4544 1096 4612 epistulam
1124 4544 1259 4599 aectoris
1287 4544 1480 4603 secludendam
1509 4543 1628 4613 curavit,
1649 4557 1712 4598 enm

459 4636 613 4706 Sappho
632 4634 789 4690 minime
808 4634 915 4688 osset
932 4634 1081 4689 llerois.
1101 4635 1254 4690 Posteriora
1283 4625 1376 4692 antam
1393 4635 1515 4703 tempore
1535 4632 1641 4688 facturn
1660 4634 1712 4702 est,

457 4728 489 4781 nt
507 4725 579 4781 alins
597 4724 708 4791 quidam
736 4725 919 4794 epistularum
946 4723 1068 4792 digestor
1095 4725 1177 4780 illnm
1202 4724 1364 4781 Ovidiannm
1382 4726 1473 4780 locum
1491 4723 1590 4790 (Amor.
1610 4723 1647 4793 II,
1669 4724 1712 4786 18,

458 4816 502 4883 26)
519 4814 668 4884 respiciens
688 4815 787 4870 ceteris
804 4814 967 4871 lleroidibus
986 4815 1112 4884 Sapphus
1130 4828 1235 4881 quoquo
1255 4815 1403 4884 epistulam
1422 4813 1569 4869 novissimo
1587 4814 1648 4868 loco
1668 4827 1712 4869 as·

456 4919 567 4962 sueres
587 4918 617 4959 11
638 4917 694 4985 esse
715 4903 861 4962 censuerit.
1437 4911 1439 4916 ·
