3736 6012
983 507 1182 581 -40-
1307 539 1313 548 ·

457 761 541 813 num
565 740 718 832 poetriae
740 731 843 834 ἦθος
868 737 1124 834 depingendum
1138 741 1278 813 minime
1291 736 1452 813 idoneum
1478 738 1586 812 fuisse
1604 734 1704 812 facile

458 871 623 947 comedes
639 873 684 966 ⁴⁴).

556 1008 721 1082 Attamen
761 1029 805 1082 ue
831 1008 896 1081 hoe
921 1006 1071 1102 quidem,
1111 1027 1321 1101 quamquam
1358 1029 1422 1100 per
1460 1029 1497 1080 se
1521 1008 1707 1082 verisimile

458 1148 520 1235 est,
572 1139 761 1215 tenendum
803 1163 880 1214 esse
917 1139 1065 1234 videtur,
1104 1142 1266 1236 quoniam
1304 1142 1463 1233 vestigiis
1500 1138 1707 1235 quibusdam

458 1275 583 1351 duetus
623 1276 852 1368 investigasse
891 1276 978 1349 mihi
1016 1275 1136 1349 videor
1168 1274 1332 1351 Ovidium
1359 1297 1430 1351 non
1455 1298 1497 1350 ex
1523 1273 1707 1369 comoedia,

357 1501 361 1510 Ι
459 1408 530 1501 sed,
558 1416 597 1484 ut
612 1409 850 1499 Antiphanem
865 1430 1010 1502 quoque,
1038 1429 1059 1480 a
1083 1408 1358 1501 Sapphone
1383 1411 1496 1502 ipsa
1521 1409 1708 1500 imaginem

461 1563 545 1618 suae
570 1543 738 1636 epistulae
777 1549 973 1634 mutuatum
1012 1562 1098 1636 esse,
1126 1545 1224 1616 euius
1251 1565 1390 1616 carmen
1416 1541 1504 1617 alter
1529 1542 1708 1638 irridebat,

458 1681 546 1755 alter
571 1675 740 1753 imitando
778 1679 1004 1771 exprimebat.
1032 1679 1124 1752 Nam
1157 1681 1262 1754 inter'
1276 1681 1431 1772 poetriae
1456 1679 1621 1772 reliquias
1646 1681 1709 1754 ali-

460 1819 543 1908 quot
566 1813 763 1904 fragmenta
800 1813 851 1884 ita
877 1813 1091 1886 conformata
1122 1818 1216 1906 sunt,
1251 1820 1290 1888 ut
1314 1834 1356 1887 ea
1380 1785 1432 1887 ex*
1449 1813 1599 1907 epistula
1624 1812 1709 1906 Sap-

459 1947 572 2040 phieis
610 1947 763 2037 strophis
802 1947 999 2037 conscripta
1023 1946 1136 2038 petita
1161 1967 1236 2020 esse
1261 1946 1355 2020 haud
1381 1945 1573 2021 absurdum
1600 1947 1706 2021 dicas.

460 2082 539 2155 Huc
564 2088 722 2174 spectare
743 2078 923 2154 uidentur
960 2081 1072 2171 fragg.
1107 2085 1165 2174 22,
1196 2086 1252 2175 21,
1290 2087 1336 2156 23
1363 2105 1384 2156 a
1409 2083 1561 2175 Bergkio
1587 2084 1710 2175 proba-

458 2216 576 2290 biliter
600 2215 780 2309 Sapphoni
818 2217 981 2306 ascripta,
1025 2215 1085 2289 ubi
1110 2217 1246 2308 poetria
1286 2224 1441 2290 amatum
1481 2220 1537 2291 sui
1563 2220 1710 2293 oblitum

460 2351 548 2425 alins
575 2351 726 2424 hominis
758 2371 875 2424 amore
900 2351 1013 2423 teneri
1032 2370 1137 2442 seque
1162 2348 1335 2423 desiderio
1361 2351 1437 2424 eius
1464 2355 1603 2426 enecari
1629 2374 1711 2448 que-

459 2487 561 2560 ritur:

462 2684 888 2698 m*—

566 2807 718 2877 ‘)lppono
738 2807 766 2861 et
782 2803 954 2874 propositum
973 2804 1001 2859 at
1020 2805 1140 2859 solutum
1159 2803 1295 2872 aenigma:

630 2895 724 2960 Ἔστι
746 2896 838 2981 φύσις
860 2895 978 2977 θήλεια
1000 2895 1099 2980 βρέφη
1121 2891 1247 2969 σύζοοά
1270 2894 1341 2962 ύπύ
1366 2897 1498 2977 κόλποις

637 3002 750 3089 αύτῆς,
774 3001 852 3068 ὄντα
874 3000 905 3067 θ’
927 2999 1034 3086 ἄφωνα
1055 2999 1135 3090 βοήν
1158 2994 1263 3086 ΐστησι
1285 3007 1412 3088 γεγωνόν

637 3111 689 3180 καὶ
712 3111 768 3178 θιά
792 3107 923 3176 πόντιον
946 3105 1043 3192 οἶδμα
1065 3107 1117 3174 καὶ
1142 3106 1277 3195 ἠπείρου
1300 3111 1356 3187 ἀιά
1380 3113 1483 3196 πάσης

637 3211 682 3298 οἶς
703 3215 804 3284 ἐθέλει
827 3220 956 3299 θνητῶν,
980 3223 1046 3294 τοῖς
1069 3217 1098 3281 θ’
1123 3215 1204 3283 osias
1228 3225 1385 3301 παροῦσιν
1408 3219 1540 3286 ἀκούειν

637 3329 761 3411 ἔξεστιν·
786 3323 892 3410 κοφήν
915 3323 948 3390 θ’
970 3323 1067 3408 ἀκοῆς
1084 3323 1233 3407 αἴσθησιν
1257 3325 1389 3411 ἔχουσιν.

638 3595 758 3679 Θύλεια
781 3596 835 3678 μέν
859 3593 914 3655 νύν
938 3588 1005 3658 ἔστι
1027 3592 1121 3678 φύσις
1144 3591 1394 3676 ἐπιστολή,

636 3704 736 3791 βρέφη
758 3700 789 3766 δ’
812 3694 845 3764 ἒν
868 3698 955 3786 αὐτῇ
977 3705 1136 3788 περιφέρει
1159 3702 1202 3768 τοὶ
1225 3703 1405 3788 γράμματα·

536 3857 539 3862 -
639 3809 745 3894 ἄφωνα
769 3807 800 3872 θ’
825 3805 903 3872 ὄντα
926 3802 1033 3874 ταῦτα
1058 3814 1125 3888 τοῖς
1150 3808 1258 3896 πόρρω
1282 3811 1375 3874 λαλεῖ

638 3910 683 3997 οἷς
704 3913 845 4006 βούλεθ’·
870 3916 970 3998 ἔτερος
991 3919 1022 3981 δ’
1044 3909 1082 3984 ἂν
1106 3918 1190 4006 τύχῃ
1208 3935 1256 3996 τις
1279 3914 1412 4002 πλησίον

641 4025 731 4102 ἕοτάς
753 4018 1031 4107 ἀναγιγνώσκοντος
1055 4023 1116 4090 ούκ
1141 4023 1320 4091 ἀκούσεται.

461 4141 560 4207 llagna
587 4134 739 4192 similitudo
766 4133 915 4189 intersedit
943 4132 1018 4188 iuter
1046 4133 1211 4201 aenigmatis
1238 4135 1331 4190 verba:
1366 4140 1470 4198 ταῦτα
1506 4140 1571 4212 τοῖς
1609 4136 1721 4220 πόρρω

463 4230 602 4295 λαλεῖ
625 4227 653 4282 et
673 4224 747 4281 Ouid.
768 4223 849 4294 epist.
869 4238 980 4280 versum
998 4224 1209 4294 paenultimam:

674 4315 730 4389 ῌοι
749 4315 848 4369 saltem
867 4313 985 4369 miserae
1004 4314 1125 4369 erudelis
1145 4313 1330 4383 epistula
1349 4312 1467 4368 dicat,

462 4417 591 4475 Attamen
601 4428 632 4469 ex
641 4413 695 4468 hae
704 4410 885 4468 similitudine
897 4411 943 4467 vix
953 4411 1101 4479 quidquam
1120 4411 1245 4468 ooneluli
1263 4412 1362 4482 potest,
1377 4409 1506 4477 quoniam
1524 4409 1625 4466 similis
1643 4413 1720 4469 loeu-

462 4505 502 4560 tio
521 4503 591 4561 alibi
609 4516 713 4569 quoque
733 4502 832 4572 exstat,
851 4502 884 4556 ut
902 4501 994 4570 llurip.
1013 4500 1103 4570 Iphig.
1124 4502 1204 4557 laur.
1224 4515 1249 4557 v.
1269 4502 1319 4558 641
1341 4514 1388 4567 sos

675 4589 728 4657 καὶ
751 4593 802 4655 δέ
811 4592 918 4666 λτος
939 4589 1030 4670 αύτῷ
1053 4593 1165 4668 ζῶντας
1187 4582 1240 4668 ott
1263 4594 1351 4655 δοκεῖ
1372 4591 1481 4655 θανεῖν

676 4701 874 4783 λέγουσα
900 4698 1456 4782 πιστάςῆθονάςάπαγγελεῖ.
1508 4739 1520 4780 .·

462 4809 532 4868 ibid.
554 4810 614 4866 763:
632 4801 714 4891 αὕτη
732 4808 780 4876 (so.
802 4806 822 4887 'l‘
836 4808 951 4888 γραφῆ)
975 4808 1096 4889 φράσ
1109 4831 1123 4870 ε
1136 4829 1157 4872 ι,
1182 4807 1292 4882 Hippoi.
1303 4805 1421 4867 Coronis.
1442 4805 1502 4868 θύος
1526 4802 1558 4868 τί
1582 4804 1722 4894 λέξαι

462 4900 627 4978 δέλτος
651 4891 707 4982 ljos
731 4919 783 4982 μοι
806 4897 901 4964 θέλει.
