3736 6012
1011 521 1210 600 -13..

485 751 641 848 Utroque
664 756 738 827 loco
764 761 799 828 et
823 756 995 829 sententia
1020 762 1055 828 et
1080 756 1185 854 verba
1210 765 1294 830 sunt
1330 758 1403 832 fere
1426 758 1558 850 eadem3
1597 759 1737 852 Sappho

485 889 578 962 enim
591 890 772 980 expressit,
799 886 928 981 quod
952 888 1067 981 fuit,
1095 881 1241 963 Ovidius
1253 911 1346 983 vero,
1373 914 1430 985 qu
1445 891 1501 965 od
1527 914 1623 967 non
1647 915 1694 966 es
1710 902 1735 982 t3

486 1043 586 1114 quem
612 1021 826 1113 exprimendi
852 1020 991 1094 modum
1017 1021 1214 1095 Romanum
1238 1029 1375 1114 poetam
1400 1026 1438 1097 in
1464 1024 1597 1099 deliciis
1625 1027 1736 1100 habu-

484 1158 553 1230 isse
577 1157 670 1232 inira
695 1155 924 1231 ostendemus.

1081 1385 1143 1458 III.

581 1582 669 1656 Ibid.
697 1605 728 1656 v.
755 1584 800 1655 21
829 1605 878 1676 sq.
905 1583 1059 1657 Phaonis
1084 1585 1232 1675 pulchra
1256 1585 1361 1660 iacies
1387 1586 1562 1680 laudatur3
1601 1592 1736 1682 poetria

484 1741 619 1814 quoque
642 1719 730 1810 frag.
758 1723 803 1792 29
830 1741 899 1793 am
913 1721 925 1791 i
941 1742 1044 1793 cum
1070 1721 1244 1814 quendam
1268 1723 1425 1815 pulchris
1457 1724 1564 1797 oculis
1601 1726 1666 1819 vel,
1704 1729 1735 1799 si
1848 1689 1849 1766 Ὗ

484 1853 870 1950 synecdochenstatuis,
897 1854 1119 1944 pulchra
1143 1855 1280 1928 facie
1305 1857 1564 1946 insignem
1591 1859 1735 1952 alloqui·

359 2073 362 2087 «
483 1996 552 2062 tur.
579 1988 653 2062 lam
678 1985 795 2077 Bergk
821 1986 866 2059 ad
892 1985 927 2057 h.
954 1986 976 2057 l.
1004 1993 1040 2060 et
1063 1985 1109 2060 ad
1134 1987 1221 2077 frag.
1268 1993 1336 2061 140
1377 1988 1537 2081 Sapphus
1563 1992 1670 2065 verba
1693 2014 1735 2065 ex

484 2124 637 2198 carmine
661 2122 808 2217 quodam
834 2119 878 2194 ad
903 2121 1057 2195 Phaonis
1082 2143 1235 2195 amorem
1262 2129 1449 2217 spectante,
1476 2145 1624 2218 quorum
1640 2127 1735 2200 haud

483 2257 646 2348 exiguum
687 2276 870 2327 numerum
907 2254 1013 2328 luisse
1050 2275 1092 2327 ex
1132 2255 1221 2346 frag.
1253 2260 1321 2328 140
1361 2257 1521 2330 concludi
1551 2266 1667 2352 potest
1685 2261 1734 2353 ll,

483 2389 683 2500 dubitanter
707 2389 866 2479 coniecit,
891 2409 979 2480 quae
1005 2388 1203 2462 coniectura
1217 2388 1348 2463 collatis
1367 2390 1451 2463 locis
1466 2388 1506 2463 fit
1519 2391 1731 2465 verisimilis.

628 2522 1054 2596 Estintefacies„
1225 2528 1228 2534 '

697 2655 727 2730 O
758 2657 927 2730 facies
952 2656 1061 2730 oculis
1085 2655 1253 2730 insidiosa
1278 2658 1373 2731 meis!

631 2791 775 2866 Σαᾰθι
802 2782 930 2864 κᾶντα
955 2777 1130 2886 φίλος..

630 2927 696 3004 καὶ
722 2917 824 3000 ruo
852 2921 936 3000 ἐπ’
961 2917 1164 3013 ὄσσοις
1190 2920 1442 3022 ἀμπέτασον
1468 2921 1657 3031 χάριν.

1083 3147 1143 3220 lv.

578 3348 623 3421 V.
650 3305 697 3420 Ι27
725 3367 775 3440 sq.
804 3344 952 3419 Ovidius
977 3344 1049 3417 fere
1073 3343 1165 3417 idem
1190 3344 1370 3438 indicavit,
1396 3346 1486 3439 quod
1499 3346 1639 3439 Sappho
1656 3349 1734 3439 ipsa
1847 3377 1848 3388 ¹

482 3483 576 3558 haud
603 3483 707 3557 semel
733 3481 775 3555 de
801 3503 864 3555 sua
891 3481 1025 3573 poetica
1049 3480 1160 3571 gloria
1184 3480 1457 3573 praedicaverat,
1484 3488 1524 3555 ut
1554 3483 1644 3574 frag.
1674 3487 1733 3556 10:
1804 3557 1809 3568 ,

585 3621 634 3695 At
659 3620 784 3692 mihi
809 3616 1098 3708 Pegasides
1124 3616 1353 3690 blandissima
1378 3619 1608 3696 carmina
1633 3617 1734 3692 dic-

1603 3723 1732 3792 tant:
1846 3715 1847 3732 ¹

627 3855 703 3929 Iam
729 3853 942 3926 canitur
967 3857 1076 3924 toto
1101 3871 1279 3923 nomen
1303 3850 1354 3921 in
1379 3849 1502 3924 orbe
1526 3872 1688 3924 meum.

628 3984 700 4062 Ac
726 3996 792 4084 ’με
819 3982 1029 4082 τιμίαν
1055 3979 1303 4079 ἐπόησαν
1330 3979 1474 4096 ἔργα

627 4117 695 4198 αα
721 4111 834 4220 σφα
872 4109 1167 4213 ὃοῑσαι**).

585 4433 664 4502 ’)1)ο
681 4434 797 4503 Phaone,
818 4447 897 4501 quem
916 4433 1105 4490 recentiorum
1123 4431 1241 4500 plurimi
1261 4429 1374 4486 nullum
1393 4429 1481 4487 fnisse
1490 4431 1631 4496 statuunt,
1653 4428 1732 4485 infra

478 4529 564 4596 plura
591 4525 809 4597 disputabimus
846 4526 989 4593 complura
1017 4522 1143 4592 Sapphus
1181 4522 1210 4577 in
1239 4536 1300 4577 enm
1328 4521 1452 4576 carmina
1489 4520 1576 4577 fuisse
1606 4522 1731 4576 testatur
1844 4537 1845 4596 α

479 4613 673 4688 Palaephatus,
693 4630 718 4672 v.
737 4612 815 4670 infra
833 4628 858 4683 p.
881 4611 968 4679 edm)
986 4614 1054 4670 extr.
1321 4681 1323 4685 Ι

585 4706 623 4774 “l
639 4706 702 4763 Birt
721 4706 741 4762 l.
753 4707 772 4763 l.
791 4720 816 4774 p.
828 4705 879 4762 431
901 4705 931 4758 in
951 4703 1053 4760 latinis
1072 4702 1254 4760 callimachei
1273 4702 1347 4771 frag.
1360 4704 1412 4760 242
1431 4702 1552 4770 vestigia
1569 4702 1731 4770 indagavit:

744 4795 923 4881 l'pdppoeru
944 4792 976 4857 d‘
998 4785 1133 4858 eluceat
1157 4791 1344 4877 ἄπόαρυφα.

585 4905 715 4962 Attamen
731 4902 799 4970 quid
817 4900 1016 4958 similitudinis
1046 4900 1124 4956 inter
1151 4900 1219 4956 haec
1248 4902 1275 4955 ot
1295 4899 1430 4955 ovidiana
1449 4899 1537 4954 verha
1554 4897 1728 4966 intercedat,

478 5009 512 5052 nc
531 4995 660 5066 Lynceus
678 4992 791 5061 qnidam
810 4990 929 5048 videbit.
