3736 6012
990 517 1188 590 -33-

464 765 599 840 quoque
623 754 657 820 et
682 748 720 819 in
742 748 894 840 prologis
921 755 955 821 01
979 749 1018 820 10
1032 747 1147 820 enodis
1174 749 1282 822 multa
1299 749 1453 840 exempla
1471 749 1708 838 inveniuntur,

463 889 579 956 tamen
617 882 810 955 Romanum
849 889 985 976 poetam
1024 905 1134 977 neque
1166 885 1228 956 hos
1254 905 1364 977 neque
1389 882 1641 956 Alexandrinos
1668 883 1710 956 ob

463 1018 579 1092 oculos
606 1018 769 1091 habuisse
792 1019 893 1092 facile
918 1019 1152 1104 concedemus,
1182 1021 1212 1091 si
1226 1021 1401 1109 integrum
1427 1025 1599 1110 superstes
1624 1017 1712 1109 Sap-

462 1154 553 1245 phus
579 1176 716 1227 carmen
745 1154 845 1247 (frag.
877 1157 912 1247 1)
939 1161 1070 1228 0110010
1094 1157 1354 1247 perlegerimus.
1387 1155 1478 1228 Nam
1503 1155 1552 1228 ibi
1578 1176 1712 1247 quoque

462 1287 581 1361 Venus
606 1288 749 1380 loquens
787 1287 976 1381 inducitur,
1016 1291 1113 1361 cuius
1139 1291 1290 1380 primum
1317 1295 1386 1374 (vv.
1416 1291 1573 1383 15-18)
1602 1288 1711 1361 oratio

462 1421 600 1513 obliqua
625 1423 784 1515 refertur,
811 1445 899 1515 quae
924 1421 1005 1496 inde
1030 1445 1051 1495 a
1077 1421 1188 1496 medio
1213 1447 1244 1495 v.
1276 1427 1319 1496 18
1347 1425 1384 1495 in
1416 1429 1546 1495 rectam
1571 1422 1700 1527 transit

461 1555 558 1629 Idem
581 1558 668 1648 frag.
699 1563 745 1630 74
770 1561 919 1632 recurrit
932 1560 978 1651 1).
1018 1561 1139 1651 Itaque
1177 1561 1207 1630 si
1233 1560 1408 1650 exemplar
1432 1560 1506 1632 eius
1533 1559 1638 1631 moris
1665 1555 1710 1628 ad

462 1690 669 1766 imitandum
697 1693 821 1767 Ovidio
847 1695 1063 1784 propositum
1089 1693 1299 1786 quaerimur,
1338 1699 1458 1784 poetae
1482 1694 1599 1782 potius
1624 1677 1710 1782 Sap

373 1795 376 1804 Δ
461 1825 552 1917 phus
579 1827 735 1900 carmina
772 1849 876 1921 quam
914 1825 1232 1899 Alexandrinorum
1258 1825 1300 1897 ob
1327 1825 1441 1898 oculos
1473 1832 1612 1898 versata
1636 1847 1710 1898 esse

461 1958 658 2054 ponendum
683 1962 857 2053 est3'sane
881 1961 959 2034 fieri
997 1961 1122 2068 potuit,
1150 1967 1189 2032 01
1215 1957 1361 2033 Ovidius
1399 1982 1469 2032 non
1497 1960 1607 2032 solum
1631 1980 1708 2031 eum

462 2093 688 2187 componendi
714 2117 854 2188 morem,
881 2095 941 2168 sed
966 2096 1094 2170 utiam
1121 2115 1227 2184 supra
1254 2094 1473 2185 coniecimus‚
1500 2100 1608 2166 totam
1634 2114 1707 2166 rem

461 2228 692 2321 aSapphone
717 2235 896 2302 mutuatus
923 2231 978 2302 sit.

558 2365 723 2438 Attamen
748 2387 791 2438 ne
818 2363 872 2438 his
898 2364 1036 2459 quidem
1062 2366 1217 2458 quaestio
1248 2365 1406 2437 absoluta
1431 2371 1486 2436 est
1512 2369 1547 2436 et
1570 2363 1707 2453 longius

460 2499 645 2592 procedere
669 2501 775 2576 licet:
789 2503 977 2593 Quaeritur
1014 2502 1117 2592 enim,
1144 2524 1165 2573 a
1189 2523 1338 2595 quonam
1377 2498 1525 2602 Ovidius
1552 2498 1708 2572 carmina

461 2637 722 2729 epistulas
761 2639 1044 2711 amatorias
1083 2639 1297 2710 continentia
1347 2636 1497 2709 scrihere
1534 2634 1705 2723 didicerit,

460 2793 563 2863 quam
590 2773 824 2863 quaestionem
851 2773 915 2844 hoc
939 2772 1012 2844 loco
1025 2772 1198 2861 attingere
1224 2771 1267 2843 ab
1293 2772 1337 2842 iis
1363 2792 1452 2863 quae
1477 2771 1613 2861 suscepi
1639 2790 1708 2840 non

461 2904 622 2976 alienum
651 2926 725 2977 esse
763 2904 856 2976 duxi.
895 2904 974 2977 Birt
998 2912 1098 2996 putat
1140 2903 1304 2977 Ovidium
1337 2903 1502 2976 lectitatis
1527 2901 1707 2993 Euripidis

460 3039 679 3129 potissimum
705 3037 904 3131 tragoediis,
932 3061 952 3110 a
978 3061 1045 3131 quo
1070 3046 1171 3129 poeta
1204 3038 1307 3110 semel
1332 3044 1436 3132 atque
1461 3041 1587 3110 iterum
1614 3036 1707 3109 codi-

462 3171 531 3243 cilli
557 3173 594 3244 in
620 3193 758 3244 scenam
796 3172 930 3244 inducti
963 3179 1088 3258 essent,
1117 3147 1320 3245 commotum
1348 3194 1432 3264 esse,
1460 3179 1499 3244 ut
1524 3174 1599 3263 ipse
1623 3192 1707 3263 quo-

460 3329 525 3399 que
563 3307 789 3396 epistularum
826 3309 936 3379 forma
968 3308 1123 3379 carmina
1148 3307 1317 3399 quaedam
1343 3307 1485 3379 vestiret
1501 3305 1568 3398 Η).
1611 3305 1707 3396 Quae

344 3430 346 3434 ’
460 3443 575 3535 001010
602 3463 647 3514 00
673 3439 874 3532 accipienda
900 3442 956 3533 sit,
982 3439 1083 3517 valde
1114 3439 1246 3513 dubito:
1273 3463 1353 3512 nam
1374 3441 1417 3511 'in
1442 3439 1641 3530 tragoediis,
1668 3445 1707 3510 ut

458 3577 572 3666 Iphig.
601 3575 703 3646 Taur.
730 3599 762 3646 v.
794 3579 864 3647 584
881 3585 885 3594 ’
902 3596 974 3666 sqq.
1005 3573 1093 3665 (coll.
1120 3575 1265 3646 Aristot.
1291 3581 1380 3665 0001.
1409 3596 1436 3645 0.
1467 3576 1539 3664 11),
1567 3572 1705 3662 Η10001.

458 3731 490 3780 v.
518 3713 588 3782 856
616 3709 758 3780 minime
796 3710 1025 3782 inveniuntur
1045 3707 1218 3798 epistulae
1243 3709 1529 3780 amatoriae
1555 3714 1590 3779 et
1615 3704 1707 3778 cadi-

428 3846 433 3855 '
460 3841 529 3914 cilli
554 3842 604 3913 ibi
630 3842 721 3913 obvii
747 3863 871 3932 parum
898 3840 1063 3914 differunt
1088 3841 1203 3914 abillo
1224 3841 1365 3913 πίνακι
1382 3840 1578 3942 πτυκτῷ,
1605 3861 1707 3933 quem

459 3975 550 4069 apud
589 3977 778 4048 Homerum
820 3977 873 4066 (ll.
909 3977 970 4068 VI,
1013 3981 1080 4048 168
1121 3979 1208 4068 sqq.)
1262 3978 1406 4049 Proetus
1451 3975 1707 4066 Bellerophonti

339 4127 340 4132 ’
458 4110 614 4204 tradidit,
641 4119 681 4184 ut
706 4135 785 4185 eum
810 4111 854 4184 ad
881 4134 1036 4184 socerum
1062 4114 1099 4185 in
1124 4113 1266 4206 Lyciam
1304 4114 1419 4185 ferret.
1449 4112 1610 4185 Ceterum
1636 4113 1706 4183 iam

564 4444 586 4510 *)
605 4445 644 4505 cf,
672 4445 785 4500 Maximi
813 4445 892 4513 Tyrii
919 4446 1106 4500 testimonium
1134 4445 1179 4500 illi
1207 4447 1362 4514 fragmento
1391 4449 1579 4517 praemissum:
1610 4449 1708 4530 Λέγει

458 4556 521 4598 που
545 4534 596 4598 καί
623 4539 752 4616 namqu
775 4535 795 4610 ἦ
821 4534 992 4617 Ἀφροδίτη
1015 4531 1045 4596 ἒν
1060 4532 1347 4618 ᾄσματι-1001001
1375 4534 1498 4607 poetriae
1523 4554 1626 4594 morem
1654 4539 1709 4594 ln·

456 4623 595 4691 1110100100
605 4624 748 4679 Palatinae
769 4638 920 4692 anonymus
939 4625 1020 4692 00010
1039 4623 1164 4680 imitatus
1183 4627 1516 4698 001,001111,521110000
1535 4629 1708 4698 Sapphonem

457 4713 628 4779 alloquentes
646 4713 761 4768 inducit.

564 4803 587 4869 ¹²)
605 4803 643 4860 Cf.
665 4804 723 4858 eius
751 4806 835 4860 verba
862 4808 880 4861 l.
901 4809 919 4861 l.
940 4822 966 4876 p.
986 4806 1049 4863 401:
1080 4807 1115 4862 «l
1130 4809 1350 4874 one-inquit—
1362 4809 1450 4878 ipsam
1469 4821 1572 4876 quoque
1592 4811 1706 4872 δέλτου

456 4907 545 4948 nonne
564 4893 784 4961 frequentissime
811 4896 884 4964 apud
911 4896 1031 4963 tragicos
1051 4897 1156 4952 eosdem
1180 4898 1349 4968 adplicatam
1367 4899 1487 4967 legerat?
1506 4898 1583 4953 modo
1603 4913 1708 4954 memor

456 4982 494 5037 sia
512 4983 659 5054 Hippolyti
677 4984 828 5055 utriusque
848 4987 943 5041 contra
962 4986 997 5041 ab
1017 4985 1102 5056 apicis
1121 5000 1153 5042 aa
1170 4987 1229 5043 lara
1248 4988 1367 5045 aliana».
