3784 6014
724 549 921 626 ..75-

197 800 276 851 raro
304 777 648 888 ὑποκοριστικῶς
675 788 878 860 animalium
904 789 1044 861 nomina
1070 789 1194 861 amatis
1234 787 1345 862 indita
1371 809 1446 862 esse

196 913 305 986 multa
331 917 486 1007 exempla
511 923 696 1014 testantur,
725 929 763 995 ut
788 919 929 1014 Δι’κος,
956 946 1043 1015 puer
1069 924 1113 997 ab
1139 924 1266 997 Alcaeo
1298 931 1444 1016 amatus,

196 1049 251 1120 vel
276 1045 437 1148 Φρύνη,
477 1053 567 1146 quod
609 1056 779 1147 bufonem,
819 1058 871 1130 vel
913 1055 1102 1130 Λεόντιον
1119 1060 1165 1151 i)‚
1204 1059 1295 1150 quod
1336 1057 1445 1132 leonis

197 1184 347 1256 catulum
373 1185 625 1280 significatii).
667 1189 788 1282 ltaque
826 1189 965 1282 Sappho
1004 1214 1137 1284 quoque
1175 1199 1326 1264 amatum
1361 1213 1447 1263 ase
1525 1247 1526 1254 ι

196 1325 511 1416 iuvenempropter
533 1325 605 1397 eius
631 1327 1182 1422 pulchritudinemttt)
1211 1327 1446 1418 superbi-

196 1477 368 1549 amque
404 1480 572 1548 pavonem
610 1459 802 1551 appellasse
840 1461 988 1554 videtur,
1028 1463 1118 1555 quod
1156 1483 1281 1534 nomen
1319 1459 1445 1533 Graeci

195 1596 369 1682 tamquam
395 1591 639 1683 appellativum
654 1593 696 1664 de
710 1594 783 1666 eius
797 1595 889 1699 modi
904 1595 1101 1667 hominibus
1115 1601 1203 1668 teste
1217 1593 1324 1668 Suida
1340 1595 1358 1633 a
1364 1594 1382 1632 a
1389 1593 1443 1686 ΙΙ)

195 1727 420 1817 usurpabant.
449 1727 545 1818 Quae
570 1728 600 1798 si
626 1733 721 1800 recte
746 1725 1010 1819 disputavimus
1037 1726 1272 1819 fundamento,
1316 1729 1353 1800 in
1379 1750 1445 1821 quo
1483 1759 1484 1770 ν

195 1860 396 1940 Kockianae
434 1862 746 1950 argumentationis
793 1861 895 1934 cardo
934 1863 1094 1954 vertitur,
1135 1863 1330 1935 substracto
1370 1863 1446 1953 ipsa

196 1995 270 2064 eius
296 1993 517 2066 ratiocinatio
545 1994 705 2068 concidat
729 1971 871 2070 necesse
897 2002 959 2067 est.

292 2129 480 2220 Quaeritur
506 2135 631 2220 autem,
659 2131 834 2201 numiam
863 2130 1024 2222 Sapphus
1050 2131 1261 2223 temporibus
1277 2131 1338 2202 illa
1350 2123 1443 2202 ‘rara

194 2261 283 2334 avis‘
309 2262 451 2335 Graecis
490 2269 574 2336 nota
611 2264 726 2336 fuerit.
773 2263 871 2356 Quod
909 2286 1115 2357 quamquam
1154 2267 1257 2337 certis
1289 2269 1446 2336 veterum

193 2397 401 2469 testimoniis
428 2398 576 2470 stabiliri
602 2419 671 2470 non
696 2403 820 2489 potest,
848 2403 965 2470 tamen
990 2420 1010 2469 a
1036 2396 1352 2470 verisimilitudinis
1367 2417 1443 2488 spe-

523 2598 674 2608 --——-n···——

195 2716 323 2786 incipiat.
346 2715 430 2780 duam
448 2712 689 2769 ratiocinationem
718 2713 830 2767 missam
854 2712 942 2767 facias
961 2726 1067 2767 necesse
1089 2711 1151 2782 erit,
1179 2711 1203 2766 si
1222 2709 1397 2780 reputaveris
1416 2709 1446 2764 in

195 2805 361 2864 Aeolica
380 2803 498 2859 dialecto
527 2817 654 2870 graecam
684 2802 821 2857 dentalem
848 2801 923 2856 hand
949 2815 1013 2856 raro
1032 2800 1133 2856 labioli
1158 2799 1329 2855 commutari.
1348 2799 1445 2864 Itaque

194 2897 243 2952 hic
261 2909 363 2962 quoque
383 2894 457 2949 intcr
477 2893 614 2949 leonum
638 2892 788 2948 dialectum
807 2894 834 2948 et
854 2891 978 2959 lingnam
996 2890 1124 2962 latinam,
1143 2904 1225 2956 qnam
1244 2891 1368 2946 veteium
1386 2889 1446 2956 qui-

196 2989 262 3044 dam
278 2987 418 3050 tamqnam
437 2984 530 3039 filiam
549 2983 675 3038 Aeolidae
696 2982 809 3038 dialecti
827 2996 885 3037 esse
901 2980 1123 3051 suspicabantur,
1142 2979 1294 3035 similitudo
1312 2979 1445 3045 quaedam

195 3076 365 3133 intercedere
393 3074 511 3131 ridetur.
540 3074 678 3130 lliusmodi
714 3088 778 3130 vero
807 3071 1015 3128 consonantium
1043 3071 1224 3130 mutationem
1252 3084 1446 3135 nonnunquam

192 3151 318 3236 reperiri
333 3165 430 3219 docent
449 3178 471 3220 o.
491 3178 516 3231 g.
537 3164 630 3220 verba:
647 3165 776 3236 populns,
793 3164 908 3233 pappel,
927 3175 1052 3219 morrono.

301 3253 322 3323 *l
340 3254 396 3309 Hoc
413 3243 513 3307 nomeu
529 3251 642 3320 llpicuri
661 3253 769 3307 amatae
789 3252 873 3306 fuisse
898 3252 1020 3305 testatur
1048 3249 1103 3306 (lic.
1123 3250 1156 3306 de
1174 3251 1231 3307 nat.
1261 3249 1334 3305 door.
1359 3251 1381 3317 Ι,
1402 3250 1444 3319 33,

194 3345 238 3415 93,
257 3341 490 3399 Hermcsianactis
508 3340 605 3397 Athen.
625 3343 698 3412 ΧΙΙΙ,
718 3343 818 3412 5971,
838 3341 897 3397 alii.

288 3431 324 3500 **)
342 3431 381 3488 cf.
400 3430 575 3499 Aristophan.
594 3433 666 3487 Plnt.
696 3446 721 3486 v.
743 3434 819 3502 1011,
848 3432 896 3487 ubi
915 3433 1010 3488 vetula
1038 3433 1072 3487 ab
1093 3431 1195 3486 amasio
1225 3446 1254 3486 so
1273 3429 1445 3485 anaticulam

194 3525 224 3579 et
242 3523 425 3578 columbulam
444 3521 616 3590 appellatam
636 3534 693 3590 esse
714 3523 821 3576 narrat:

513 3605 677 3692 νηττάριον
700 3603 737 3672 ἄν
760 3608 810 3674 καί
835 3609 968 3694 φάττιον
993 3609 1206 3697 ὑπεκορίζετο.

275 3717 325 3786 m)
342 3719 478 3774 Pavonem
497 3718 605 3784 antiqui
623 3718 842 3786 pulcherrimum
862 3734 919 3774 esse
939 3720 1059 3775 omnium
1079 3721 1342 3788 avinmpersuasnm
1361 3717 1445 3772 habe·

192 3809 271 3878 bant,
290 3809 360 3875 quod
378 3808 464 3864 Varro
484 3807 517 3862 de
535 3821 565 3862 re
584 3808 652 3862 rust.
672 3809 722 3878 ΙΙΙ,
744 3809 767 3878 6,
788 3813 803 3866 2
822 3809 866 3863 his
886 3809 978 3866 verbis
997 3811 1128 3865 testatur:
1154 3809 1224 3865 Huic
1251 3807 1324 3862 euim
1341 3809 1443 3862 natura

191 3900 298 3955 formae
318 3913 331 3954 e
350 3897 508 3955 volucribus
527 3897 602 3952 dedit
620 3900 742 3967 palmam
760 3899 805 3966 (cf.
828 3900 912 3955 Hehn.
933 3902 951 3956 l.
971 3903 990 3956 l.
1007 3915 1033 3969 p.
1053 3901 1122 3972 286).

254 3986 319 4053 ****)
338 3989 362 4044 S.
383 4002 407 4043 v.
428 3987 530 4050 Φάων·
554 3985 782 4070 φοσίνὲπίτῶν
807 3979 1031 4072 inceptor
1054 3987 1106 4052 uni
1131 3987 1442 4072 ὑπερηφάνων.

193 4076 320 4144 Sapphus
348 4076 441 4131 Phaon
471 4076 556 4130 etiam
575 4091 591 4131 a
610 4078 757 4133 Menandro
776 4081 811 4145 (v.
842 4079 1098 4150 811·ο1νοκ.Χ,452)
1139 4076 1312 4158 sindono
1325 4098 1345 4157 μ
1359 4098 1444 4153 noc

192 4167 353 4235 appellatus
373 4165 586 4222 est—Ceterum
607 4167 725 4222 Phaonis
743 4183 841 4223 nomen
860 4169 933 4237 apud
952 4169 1068 4225 Graecos
1101 4182 1155 4223 uon
1174 4166 1338 4222 inusitatum
1356 4164 1442 4220 fuisso

190 4255 365 4312 heolensium
384 4255 577 4324 inscriptiones
595 4258 802 4324 perscrutantes
821 4258 924 4312 discere
944 4270 1095 4329 possumus
1114 4270 1182 4323 quas
1201 4257 1225 4311 si
1237 4255 1312 4312 Koch
1331 4254 1440 4323 adimet,

190 4345 266 4401 illud
283 4359 381 4400 nomen
409 4359 464 4399 non
490 4345 654 4416 mythicum,
682 4346 729 4401 sed
749 4361 844 4401 verum
873 4361 930 4402 esse
959 4348 1043 4403 facile
1072 4347 1166 4404 videre
1185 4344 1285 4414 potuit.
1310 4345 1355 4401 Ita
1374 4358 1396 4400 o.
1416 4357 1441 4410 g.

190 4434 314 4505 primum
337 4433 366 4488 in
385 4434 444 4490 vico
463 4435 607 4490 Xeronomi
627 4435 673 4500 qui
693 4437 807 4491 vocatur
825 4437 855 4491 in
874 4437 985 4492 Boeotia
1005 4437 1079 4492 haud
1097 4437 1194 4506 procul
1213 4450 1229 4490 a
1245 4432 1370 4503 Thespiis
1389 4433 1443 4486 sito

192 4523 365 4583 Stomatakis
386 4525 540 4578 columnam
558 4523 675 4595 invenit,
695 4525 743 4580 uhi
762 4526 836 4580 iuter
856 4529 949 4580 cetera
968 4527 1073 4581 aeolica
1092 4525 1202 4580 uomina
1221 4524 1312 4588 Φάων
1336 4535 1441 4588 quoque

191 4613 307 4685 legitur3
326 4613 474 4670 nichita.
494 4615 652 4681 Sammlnug
681 4614 730 4670 der
758 4615 860 4683 griech.
889 4615 1181 4672 Iliolelrt·insohriften
1210 4614 1271 4670 hl
1298 4629 1324 4682 p.
1343 4614 1394 4669 401
1414 4626 1440 4668 n.

191 4703 274 4773 791o3
292 4717 373 4772 porro
393 4703 495 4759 ibidem
514 4718 540 4760 n.
561 4705 628 4759 7tlle
652 4705 841 4786 Κινλλιφάων
861 4708 959 4776 exstat,
970 4706 1041 4773 quod
1056 4705 1128 4760 idem
1139 4707 1220 4770 atque
1240 4701 1441 4778 καλόςφάωι

192 4796 287 4849 valere
307 4793 425 4850 videtur.
454 4795 529 4864 hpud
558 4796 691 4849 Romanos
719 4810 824 4861 quoque
853 4795 969 4850 Pavonis
998 4797 1025 4850 et
1054 4795 1120 4850 Pavi
1148 4809 1246 4848 nouron
1280 4792 1442 4860 reporimus,

190 4875 226 4940 'ut
245 4883 318 4952 apud
337 4885 485 4940 Varronem
506 4884 547 4952 (dc
567 4901 596 4940 rc
615 4887 683 4942 rust.
704 4887 753 4957 ΙΙΙ,
776 4889 800 4957 2,
821 4891 845 4942 2:
864 4887 1011 4942 Fircellius
1039 4887 1121 4951 Pavo)
1149 4887 1177 4939 et
1205 4884 1277 4954 apud
1305 4883 1442 4940 Lucilium

193 4973 265 5041 (Sat.
284 4973 349 5031 llll:
368 4969 477 5037 Publin’
496 4971 578 5036 Pavo’
594 4974 763 5044 Tuditanus).
785 4973 823 5030 Ol.
844 4974 930 5030 Hehn.
951 4976 969 5030 l.
989 4976 1008 5030 l.
1028 4989 1054 5047 p.
1076 4974 1135 5034 291.
