3784 6014
947 485 1146 559 ..70-

422 716 547 789 studiis
586 717 658 789 suis
696 715 922 790 fundamenta
960 717 1246 812 Mitylenaeorum
1284 716 1496 810 reipublicae
1528 719 1670 791 minime

421 855 688 930 labefactantem
723 861 794 926 tam
833 853 1019 928 crudeliter
1045 855 1309 947 consuluisse*).
1346 853 1503 947 Denique
1529 856 1668 946 Sappho

423 988 515 1082 apud
542 987 705 1062 Ovidium
731 1013 847 1063 omnes
874 1011 954 1063 suas
981 990 1195 1064 calamitates
1221 1015 1253 1064 v.
1282 995 1324 1062 61
1354 1012 1426 1082 sqq.
1460 1010 1669 1082 percensens

422 1145 467 1196 ne
491 1143 560 1196 uno
585 1122 722 1216 quidem
760 1123 865 1196 verbo
904 1125 1017 1196 exsilii
1056 1126 1111 1198 sui
1149 1125 1358 1198 mentionem
1394 1123 1490 1214 facit3
1522 1122 1668 1216 quodsi

422 1257 548 1348 viginti
574 1279 683 1330 annos
709 1264 812 1330 natae
837 1257 1031 1350 accidisset,
1060 1259 1233 1331 Nasonem
1259 1259 1466 1330 omissurum
1480 1258 1669 1331 luissenon

424 1399 476 1465 est
512 1392 707 1465 verisimile.
750 1395 883 1486 Quibus
927 1391 970 1466 de
1015 1394 1128 1466 causis
1166 1392 1400 1485 Barthelemyi
1439 1391 1670 1463 coniecturam

422 1524 631 1599 reiciendam
657 1549 731 1599 esse
757 1529 948 1620 oense0**).
978 1526 1338 1620 Quidsinihilominus
1361 1524 1561 1598 coniciendo
1579 1545 1669 1596 assc-

424 1662 484 1754 qui
508 1661 663 1754 velimus,
690 1685 778 1755 quae
791 1665 839 1737 ibi
854 1667 1047 1758 antiquitus
1061 1665 1192 1757 scripta
1204 1664 1346 1754 luerint,
1373 1663 1487 1754 potius
1501 1660 1671 1733 Boeolrhi-

424 1818 482 1866 um
522 1798 631 1869 secuti
668 1797 821 1872 Phaonis
860 1802 1069 1874 mentionem
1107 1799 1156 1871 ibi
1181 1799 1308 1871 factam
1334 1818 1408 1870 esse
1446 1815 1611 1887 ponemus
1636 1801 1673 1866 et

424 1929 461 1999 in
487 1916 538 1999 ολ
564 1930 691 2002 litteris
717 1929 881 2004 Cercolae
908 1923 1069 2022 Sapphus
1091 1905 1224 2004 ’mariti
1250 1931 1398 2021 vestigia
1434 1937 1569 2002 exstare
1595 1950 1673 2000 oum

423 2063 694 2153 Baumgartenio
721 2066 766 2158 (v.
794 2064 886 2156 apud
912 2065 1157 2138 Schoeninml.
1171 2064 1209 2157 l.)
1239 2069 1429 2136 statuentes
1444 2063 1494 2136 ita
1506 2062 1671 2152 legemus:

425 2201 635 2310 φυγοῦσα
651 2193 790 2309 [ἄνδρα
809 2203 930 2306 Κερκ]
946 2191 997 2276 dh
1014 2203 1073 2297 [oro
1089 2197 1212 2297 aroldi
1228 2200 1277 2304 [ῳ
1292 2202 1378 2274 roo
1395 2197 1569 2288 Φάωνος
1583 2201 1672 2294 555).

426 2335 558 2426 Quibus
573 2337 699 2409 ‘verbis
725 2337 755 2409 si
781 2359 855 2411 eam
881 2360 1051 2439 annorum
1088 2336 1273 2417 Marmoris
1299 2336 1395 2408 Parii
1434 2334 1674 2408 definitionem

426 2466 600 2562 addemus,
627 2493 715 2563 quae
741 2493 782 2544 ex
809 2471 969 2558 Schoenii
996 2442 1096 2544 docta
1123 2471 1378 2562 computatione
1404 2468 1447 2542 ad
1474 2469 1565 2542 hane
1591 2491 1672 2562 epo-

426 2606 527 2679 cham
553 2607 680 2697 optime
705 2606 876 2699 quadrare
912 2607 1052 2681 videtur
1093 2603 1177 2700 (dra
1206 2604 1533 2700 ΗΗΗΔΔΠΠΙ),
1563 2629 1676 2700 neque

424 2739 618 2814 litterarum
642 2764 807 2815 numerus
832 2742 1040 2816 redundabit
1066 2744 1279 2832 et'vestigiis
1295 2764 1524 2835 eorumquae
1544 2715 1677 2834 scripta

427 2881 536 2966 erant,
551 2876 751 2948 insistentes
776 2876 888 2948 locum
908 2877 1139 2949 restituemus.
1169 2876 1329 2950 Ceterum
1343 2898 1413 2948 non
1426 2877 1544 2966 magni
1557 2876 1675 2967 refert,

377 3087 378 3090 ,
427 3009 509 3103 quid
535 3011 584 3083 ibi
609 3013 776 3104 scriptum
811 3013 925 3104 fuerit,
966 3012 1128 3103 quoniam
1165 3017 1238 3114 tota
1280 3013 1339 3085 illa
1377 3013 1420 3084 de
1458 3014 1612 3103 poetriae
1638 3014 1676 3083 in

534 3233 614 3301 'ldt
634 3236 745 3293 Neuel.
766 3241 785 3294 l.
805 3254 830 3307 p.
852 3242 876 3297 8.

522 3323 559 3392 **)
577 3326 703 3383 Schoenii
722 3342 826 3395 qnoque
845 3330 927 3385 lectio
947 3331 1102 3400 respuenda
1121 3345 1178 3385 esse
1199 3329 1317 3400 videtur,
1343 3329 1391 3396 qui
1413 3332 1432 3385 l.
1452 3331 1470 3384 l.
1491 3344 1517 3399 p.
1537 3329 1587 3386 759
1606 3328 1677 3384 haec

428 3415 579 3483 lr⁰l⁰S¹11t2
616 3421 761 3498 φυνοῦσα
799 3416 862 3504 [καὶ
884 3417 1041 3504 Ἀλκαῖος]
1081 3418 1098 3482 ὁ
1124 3419 1275 3506 Λ[ἐσθιος
1307 3415 1464 3504 ἒξί]5[ηκε
1496 3420 1539 3483 τὰ
1570 3435 1677 3483 στασι-

427 3505 556 3570 acoron&
577 3503 629 3584 ἔτη
643 3509 678 3570 Η
681 3509 714 3570 Η
717 3506 912 3592 ΗΔΔΠΠΙ].
937 3509 1006 3583 Nom
1025 3523 1056 3564 ex
1077 3523 1109 3564 ea
1123 3508 1363 3577 minimeapparot
1382 3509 1410 3562 et
1428 3521 1535 3574 quem
1560 3508 1587 3562 et
1605 3521 1678 3574 qua

428 3593 470 3648 de
491 3608 609 3649 causa
629 3594 737 3665 Sappho
747 3596 778 3651 in
788 3596 911 3653 Siciliam
921 3597 1026 3666 fugerit
1036 3600 1064 3653 et
1074 3598 1169 3653 addita
1179 3599 1264 3652 verba
1277 3595 1295 3660 ὁ
1309 3597 1444 3682 Λέσβιος
1472 3610 1678 3666 supervacanea

309 3727 312 3731 .
428 3685 500 3755 sunt,
520 3684 648 3750 quoniam
666 3684 718 3739 hoo
736 3687 804 3755 loco,
823 3687 871 3741 ubi
891 3686 923 3742 de
943 3687 1087 3756 Sapphone
1106 3687 1206 3758 agitur,
1235 3701 1313 3741 nomo
1338 3685 1371 3740 de
1392 3687 1480 3740 altero
1500 3685 1551 3740 illo
1576 3685 1677 3740 Alcaeo

428 3772 569 3844 Messenio,
590 3773 820 3841 epigrammatum
839 3777 959 3847 auctore,
979 3775 1122 3847 cogitabit,
1140 3776 1181 3841 (de
1201 3789 1252 3842 quo
1272 3789 1297 3830 v.
1325 3773 1500 3842 Bernhardyi
1518 3776 1537 3830 l.
1557 3774 1632 3843 1.11,
1652 3776 1677 3844 2,

428 3877 455 3932 p.
475 3863 545 3930 750).
564 3864 647 3919 Porro
667 3866 759 3918 autem
778 3865 856 3920 homo
875 3865 970 3920 doctus
988 3857 1074 3922 multo
1095 3865 1311 3935 plureslittoras
1330 3863 1491 3934 inculcavit,
1510 3877 1592 3929 qnam
1610 3865 1677 3929 quot

429 3953 545 4006 lacunae
564 3953 698 4020 amplecti
714 3967 791 4021 posse
811 3953 948 4010 videntur:
976 3954 1048 4024 apud
1076 3954 1242 4010 Boeokhium
1271 3953 1343 4008 enim
1376 3954 1396 4004 Θ
1415 3952 1540 4008 litteram
1558 3951 1677 4018 qumque

429 4042 538 4096 tantum
557 4043 658 4109 puncta
678 4041 855 4113 praecedunt,
875 4045 1016 4113 postcom
1036 4045 1128 4100 autem
1146 4043 1181 4098 ad
1200 4043 1281 4097 tinem
1301 4057 1326 4097 v.
1347 4045 1377 4099 51
1401 4040 1460 4096 iero
1480 4040 1581 4108 viginti
1600 4041 1679 4096 litte·

429 4144 524 4184 rarum
543 4130 663 4199 spatium
682 4145 798 4186 vacuum
818 4133 916 4203 exstat,
935 4134 1067 4200 qnantum
1087 4131 1197 4187 collatis
1216 4130 1316 4185 ceteris
1335 4129 1469 4199 versibus,
1491 4129 1538 4196 qui
1556 4130 1679 4185 aetatem

428 4221 563 4291 tulerunt,
583 4220 709 4276 concludi
727 4221 827 4293 potest3
846 4223 876 4277 at
895 4223 1013 4279 Schoene
1033 4222 1153 4291 priorem
1180 4223 1309 4276 lacunam
1339 4233 1436 4275 novem
1454 4219 1569 4290 litteris,
1587 4221 1680 4288 poste-

428 4310 531 4366 riorem
550 4311 642 4366 antem
661 4310 763 4378 viginti
782 4325 828 4365 sen
847 4313 977 4381 explevit.

499 4399 575 4468 '***)
590 4400 716 4455 Forsitan
743 4401 807 4454 ante
834 4399 935 4482 &loppa
964 4416 1057 4459 vorem
1085 4401 1235 4456 articulum
1260 4399 1409 4468 desideras
1439 4399 1468 4452 at
1488 4397 1522 4453 ci.
1543 4398 1680 4465 liruegeri

432 4491 555 4548 «Griech.
576 4489 774 4558 Sprachlehre»
797 4491 852 4560 1,§
872 4494 913 4562 50,
935 4495 958 4563 3,
978 4494 1003 4548 8.
1022 4493 1059 4548 De
1079 4477 1247 4571 deroolla
1265 4488 1342 4542 infra
1361 4486 1582 4558 plnradicemus.
1602 4488 1682 4544 Desi-

430 4580 538 4634 derium
566 4594 630 4636 vero
658 4580 780 4635 absentis
807 4583 925 4638 Phaonis
945 4583 1051 4645 πόθου
1070 4595 1134 4636 vooe
1159 4579 1261 4648 optime
1291 4577 1410 4647 exprimi
1437 4577 1518 4634 testis
1546 4578 1587 4632 est
1606 4579 1681 4636 Plat.

431 4669 537 4737 Grbtll·
557 4684 582 4737 p.
602 4670 655 4727 420
675 4671 704 4726 h:
721 4669 838 4746 ,πόθος
872 4675 1016 4736 καλεῖται,
1048 4671 1199 4750 oppulvoo
1235 4668 1273 4730 ου’
1305 4673 1363 4730 τοῦ
1400 4669 1553 4746 παρόντος
1586 4663 1680 4744 εἶναι,

431 4759 518 4826 otto
541 4766 598 4823 τοῦ
623 4759 742 4825 ἄλλοθί
767 4784 830 4824 που
854 4759 942 4837 ὄντος
965 4761 1017 4824 aul
1042 4759 1186 4834 ἅηὸυτος,
1213 4760 1280 4812 Item
1292 4757 1515 4812 innenandroae
1526 4757 1682 4813 Leucadiae

430 4838 586 4918 fragmento
606 4866 690 4921 snpra
700 4866 726 4924 p.
738 4854 770 4910 55
782 4853 868 4908 allato
885 4852 987 4911 nictum
999 4852 1039 4905 est
1049 4849 1082 4904 de
1093 4848 1246 4918 Sapphone:
1266 4849 1390 4934 θηρῶσα
1403 4843 1504 4908 odor
1519 4842 1685 4930 olorpdvrc

431 4945 562 5028 πόθῳ
