3784 6014
743 555 938 629 ..79-

216 805 290 856 esse
315 786 537 878 arbitramur,
565 810 631 880 quo
658 796 812 862 nostram
838 791 1072 862 coniecturam
1099 788 1251 880 undique
1285 787 1465 861 confirma-

215 925 287 992 tam
317 943 422 1014 eoque
447 921 515 994 fido
544 923 735 1014 digniorem
761 924 956 997 reddamus.
997 923 1144 997 Constat
1180 925 1271 995 enim
1296 925 1464 1023 poemiam

215 1076 285 1127 non
311 1057 421 1128 solum
447 1060 641 1151 verborum,
668 1058 728 1130 sed
755 1061 859 1132 etiam
885 1060 1086 1132 harmoniae
1112 1060 1324 1132 novatricem
1347 1059 1462 1150 fuisse,

216 1196 250 1260 et
276 1190 499 1285 mixolydium
537 1193 627 1286 quod
654 1193 784 1267 dicitur
825 1197 892 1286 (τό
931 1184 1227 1288 μιξολυδιστὶ)
1262 1192 1465 1265 harmoniae

214 1345 324 1412 genus
350 1327 535 1418 invenisse,
563 1327 654 1418 quod
679 1328 909 1406 Aristoxenus
937 1329 995 1400 ille
1020 1328 1172 1399 musicus
1199 1327 1347 1416 scriptor
1372 1325 1465 1417 apud

214 1459 446 1534 Plutarchum.
466 1462 509 1533 de
534 1485 619 1534 mus
636 1485 664 1534 o.
683 1467 725 1534 16
741 1470 890 1535 testatur
908 1465 953 1554 ³³).
982 1464 1092 1555 Quam
1112 1463 1329 1534 harmoniam
1343 1482 1464 1553 quam-

214 1616 317 1687 quam
342 1596 434 1668 idem
460 1598 611 1687 scriptor
635 1597 772 1670 ibidem.
801 1621 829 1669 c.
861 1603 903 1668 lb
930 1619 951 1668 a
976 1595 1178 1690 Pythoclide
1198 1597 1374 1668 inuentam
1389 1614 1465 1665 esse
1519 1600 1523 1606 '

214 1730 378 1811 statuisse
402 1729 596 1822 uidebatur,
636 1737 751 1804 tamen
789 1729 997 1821 Westphalii
1036 1730 1137 1815 docta
1171 1729 1395 1822 diquisitione
1408 1729 1460 1820 *ἢ

214 1863 433 1955 Sapphonem
472 1866 532 1937 illa
569 1864 671 1937 laude
709 1887 779 1937 non
806 1847 1022 1955 ¹priuandam
1070 1884 1145 1934 esse
1182 1861 1294 1934 edocti
1332 1883 1462 1932 sumus.

213 1997 424 2092 Mixolydiae
449 2005 562 2071 autem
590 1999 792 2070 harmoniae
817 2000 996 2088 proprium
1022 1994 1161 2086 πάθος
1174 1998 1251 2087 suit,
1280 2002 1318 2068 ut
1344 2018 1362 2066 e
1387 2017 1463 2067 uer-

212 2133 268 2203 bis
293 2133 385 2205 insra
409 2132 536 2223 allatis,
576 2133 701 2224 quibus
739 2133 808 2203 alia
848 2140 1004 2205 veterum
1042 2131 1241 2203 testimonia
1278 2127 1359 2201 addi
1384 2151 1463 2219 pos-

214 2268 392 2357 sunam),
433 2268 521 2339 satis
561 2287 731 2357 superque
770 2266 944 2354 cognitum
984 2265 1160 2336 habemus.
1197 2263 1285 2336 Cum
1311 2285 1392 2336 vero
1419 2261 1463 2335 ad

213 2401 357 2473 affectus
383 2400 572 2473 concitatos
598 2398 824 2492 turbidosque
851 2399 1090 2496 exprimendos
1116 2421 1186 2470 non
1210 2397 1328 2470 sedata
1347 2399 1463 2488 gravi-

212 2558 291 2628 que,
317 2535 378 2609 sed
404 2544 507 2609 acuta
533 2543 566 2608 et
593 2537 735 2608 clara
760 2556 844 2608 voce
870 2535 921 2605 uti
935 2534 1114 2624 soleamus,
1141 2533 1296 2625 poetriae
1308 2534 1369 2624 ita,
1394 2535 1417 2604 i.
1433 2554 1461 2603 e.

214 2678 278 2745 σα
292 2694 323 2766 φ
338 2675 370 2743 o]
386 2695 415 2762 ς,
442 2673 581 2743 canenti
597 2671 806 2765 Samounis
820 2691 946 2741 nomen
959 2669 1108 2741 inditum
1122 2669 1291 2762 est****).
1308 2668 1462 2759 Quocum

211 2806 387 2880 commode
413 2807 562 2880 conferri
587 2812 701 2897 potest
726 2806 961 2878 Stesichorum
974 2825 1109 2898 quoque
1133 2801 1333 2906 αχόρσσς
1347 2799 1462 2876 ἱστά-

211 2961 277 3014 ναι
304 2963 427 3042 nomen
453 2943 636 3031 accepisse.

231 3117 235 3125 ·
309 3078 442 3168 Quibus
469 3077 630 3166 Sapphus
656 3075 805 3148 nominis
838 3097 879 3147 ea
904 3075 956 3147 vis
983 3082 1086 3165 atque
1113 3059 1346 3164 significatio,
1360 3097 1462 3167 quam

211 3232 276 3283 nos
303 3213 500 3301 statuimus,
528 3209 689 3282 nonnihil
717 3205 854 3279 defendi
880 3214 1003 3299 potest.

318 3479 342 3548 *t
366 3460 581 3556 Ἀριστόξενος
604 3478 726 3557 diptyco
750 3473 919 3558 Σαπφώ
945 3471 1117 3557 πρώτην
1140 3467 1358 3558 εὕρασθαι
1384 3476 1461 3556 τήν
1503 3540 1506 3546 ,

209 3579 515 3665 μιξολυδιστὶ,
550 3579 628 3670 παρ’
673 3567 710 3664 ἧς
754 3579 826 3658 τούς
860 3584 1115 3665 τραγῳδσπσισύς
1146 3585 1268 3665 μαθεῖν·
1304 3579 1462 3667 λαβόντας

208 3690 287 3773 γοῦν
310 3683 431 3766 αὐτούς
455 3691 604 3771 συζεῦξαι
628 3693 667 3774 τῇ
688 3687 825 3773 δωριστί·
850 3684 919 3753 ἐπεὶ
943 3686 965 3770 ἠ
989 3690 1047 3773 μέν
1084 3687 1122 3751 τό
1147 3690 1387 3774 μεγαλοπρεπὲς
1409 3695 1462 3752 καί

209 3795 432 3881 ἀξιωματικόν,
468 3797 490 3879 ἤ
524 3797 577 3862 δέ
612 3799 660 3862 τό
688 3791 970 3882 παθητικόν·
1008 3801 1154 3883 μέμικται
1191 3801 1230 3861 dr*
1253 3796 1308 3862 dod
1342 3798 1460 3863 τούτων

210 3903 381 3991 τραγῳδία.
459 3937 462 3944 v
942 3967 945 3974 r

306 4028 343 4096 **)
360 4030 388 4086 V.
409 4031 468 4086 eius
489 4031 552 4085 «Dia
571 4031 662 4086 Musik
681 4031 728 4086 des
747 4031 851 4100 griech.
870 4033 1057 4089 Alterthums·
1079 4048 1123 4103 pp.
1145 4035 1204 4104 152,
1225 4034 1282 4090 175.

292 4116 344 4186 ”a
361 4121 405 4176 ua
425 4119 482 4175 ram
500 4120 579 4175 urata
598 4120 632 4177 uo
650 4123 758 4190 repam.
778 4123 820 4178 111
838 4137 865 4192 p.
882 4123 933 4180 sus
952 4124 982 4179 n:
1002 4125 1088 4199 Τίνες
1112 4103 1178 4196 οὖν,
1198 4120 1461 4204 innuitaapva-

209 4213 301 4286 δεις
323 4207 479 4294 ἁρμονίαι
505 4211 545 4272 Μ
552 4212 820 4290 »gravatura
845 4233 878 4288 nt
897 4203 1058 4288 mutatores
1085 4230 1165 4288 sont.
1185 4231 1216 4302 v,
1239 4233 1254 4288 5
1281 4232 1317 4299 (p.
1340 4231 1406 4288 mro
1427 4232 1460 4297 a:

209 4316 387 4395 ἀκούοντας
409 4315 616 4385 διατίθεσθαι
632 4369 663 4388 ..
690 4320 770 4402 πρός
793 4324 849 4406 μὲν
879 4316 959 4397 ἐνίας
987 4321 1157 4406 (ἁρμονίας)
1181 4322 1461 4406 ὀδυρτικωτέ-

209 4445 286 4508 ρως
321 4426 390 4492 καὶ
426 4431 753 4512 συνεστηκότως
789 4432 965 4516 μᾶλλον,
999 4422 1061 4494 οἷον
1085 4431 1169 4512 πρός
1204 4428 1263 4509 τήν
1289 4428 1461 4512 μιξολυ-

210 4532 337 4599 διστὶ
360 4537 565 4620 καλουμένην.
599 4540 696 4604 Itaque
723 4539 854 4618 Horatius
882 4540 984 4608 optimo
1013 4538 1045 4594 de
1075 4537 1219 4606 Sapphone
1252 4536 1342 4591 dicere
1370 4533 1462 4604 potuit

208 4641 308 4708 (darm.
328 4644 364 4712 Π,
386 4645 426 4715 13,
448 4647 498 4711 14);

252 4745 255 4752 ·
307 4749 310 4758 ·
426 4735 661 4801 Querentem
681 4737 789 4808 Sappho
809 4739 911 4808 puellis
930 4739 962 4794 de
982 4739 1170 4808 popularibus.

274 4822 339 4891 ****)
356 4827 451 4891 Itaque
470 4827 545 4882 recte
565 4827 699 4896 chappen
726 4829 896 4896 nnglosaxus
924 4829 1118 4884 aWhartonio
1137 4831 1156 4885 l.
1176 4843 1198 4885 o.
1217 4844 1244 4898 p.
1272 4831 1306 4886 43
1330 4827 1460 4885 laudatus

207 4915 288 4971 haec:
310 4914 387 4987 «She,
407 4917 506 4987 inquit,
531 4931 598 4984 sang
618 4919 706 4986 softly
725 4918 779 4974 aud
798 4918 967 4989 plaintively
995 4919 1049 4975 and
1069 4920 1099 4974 at
1130 4934 1145 4972 a
1172 4917 1318 4985 higber
1345 4919 1460 4988 pitoh

207 5007 282 5064 than
300 5020 357 5078 any
376 5007 406 5063 of
422 5007 472 5064 her
490 5008 703 5080 prouocemus».
