3784 6014
728 555 925 628 ..37-

295 782 417 874 Itaque
443 781 625 856 dubitandi
665 804 770 855 eausa
808 783 850 856 de
874 784 1026 874 poetriae
1066 786 1191 857 marito
1229 785 1365 858 sublata
1403 782 1448 858 ad

198 918 302 989 aliam
328 917 562 1007 quaestionem
589 914 802 1006 accedamus
831 939 914 989 num
943 916 1083 990 Gleis
1121 920 1361 1010 poetriae
1394 921 1449 994 fi-

197 1053 269 1124 lia
294 1074 335 1124 ex
361 1053 542 1142 illegitimo
569 1076 644 1125 cum
671 1053 812 1127 Phaone
838 1055 999 1143 coniugio
1024 1060 1101 1126 orta
1128 1056 1183 1146 sit,
1213 1054 1302 1147 quod
1330 1057 1448 1129 Murio

147 1209 151 1214 ·
201 1185 357 1279 (History
383 1187 421 1258 of
444 1185 503 1258 Gr.
531 1187 582 1259 lit.
609 1210 639 1259 v.
656 1186 719 1278 III,
746 1208 778 1278 p.
803 1189 887 1280 278)
915 1189 1027 1259 visum
1053 1194 1117 1276 est,
1144 1189 1352 1261 recentiores
1366 1210 1447 1260 vero

196 1327 231 1393 et
257 1319 442 1411 Sapphone
469 1319 610 1394 Cercola
636 1323 759 1394 marito
784 1323 920 1412 privata
947 1328 981 1393 et
1007 1321 1115 1394 hlurii
1135 1323 1297 1413 opinione
1322 1325 1449 1397 reiecta

196 1452 369 1526 deGleide
393 1452 465 1526 filia
491 1457 614 1526 merito
628 1455 824 1544 haesitant„
840 1453 922 1547 quid
943 1456 1014 1527 sint
1039 1456 1177 1527 facturi:
1209 1457 1259 1528 ita
1284 1454 1375 1549 Sittl,
1403 1463 1443 1530 ut

196 1612 302 1681 supra
339 1612 372 1680 p.
402 1589 511 1682 ΜΗ)
545 1589 706 1680 vidimus,
746 1611 789 1660 ne
815 1587 886 1661 filia
911 1590 955 1662 ab
982 1591 1113 1662 incerto
1140 1598 1239 1681 patre
1263 1598 1447 1683 procreata

195 1725 349 1815 poetriae
373 1723 498 1796 famam
525 1725 718 1813 ignominia
744 1731 953 1814 aspergeret,
982 1721 1135 1797 Oleidem
1155 1747 1225 1812 non
1239 1724 1357 1817 filiam,
1384 1726 1445 1800 sed

125 1883 127 1887 ’
196 1861 345 1932 amicam
371 1857 523 1949 poetriae
547 1859 654 1931 luisse
680 1859 837 1930 coniecit.
866 1857 974 1929 Murii
1000 1861 1208 1931 sententiam
1232 1859 1354 1932 falsam
1375 1881 1449 1934 esse

195 2016 236 2067 ex
263 1989 436 2064 Ovidiana
460 1991 610 2082 epistula
634 2000 752 2083 aperte
789 1991 947 2065 concludi
986 1998 1108 2082 potest:
1137 2014 1216 2065 nam
1255 1995 1285 2065 si
1310 1995 1447 2085 poetria

193 2124 303 2198 filiam
328 2146 371 2197 ex
395 2124 538 2198 Phaone
563 2132 764 2216 conceptam
790 2125 978 2214 habuisset,
1006 2123 1153 2198 Ovidius
1179 2147 1252 2198 eam
1278 2125 1323 2198 ad
1336 2127 1448 2200 Phao-

195 2281 275 2332 nem
300 2259 443 2331 minime
467 2258 605 2332 fecisset
630 2260 681 2331 sic
706 2259 913 2331 scribentem
940 2262 986 2350 (v.
1017 2255 1134 2352 103):v

492 2392 576 2465 Nil
602 2389 656 2464 de
682 2399 886 2465 temecum
912 2399 975 2482 est,

195 2550 274 2602 eum
300 2527 427 2600 amoris
451 2527 590 2619 pignus,
617 2526 707 2617 quod
733 2547 867 2617 semper
892 2527 1089 2598 intueretur
1115 2532 1149 2597 et
1162 2549 1228 2618 quo
1256 2528 1447 2602 consolare-

196 2669 267 2753 tur,
294 2663 327 2735 ei
352 2669 489 2753 praesto
521 2668 625 2734 esset.
666 2659 792 2734 Utrum
829 2681 911 2733 vero
948 2661 1081 2750 poetria
1107 2682 1147 2732 eo
1172 2667 1337 2752 tempore,
1380 2683 1475 2752 quo·

195 2798 350 2870 Phaonis
375 2819 490 2870 amore
516 2803 616 2889 capta
641 2802 725 2888 erat,
753 2796 901 2869 divortio
926 2817 947 2868 a
972 2798 1097 2869 marito
1124 2803 1295 2890 separata,
1321 2818 1367 2871 an
1392 2799 1445 2872 vi-

195 2931 266 3003 dua
290 2931 406 3023 fuerit,
433 2953 478 3003 an
495 2929 745 3003 Gereolaovivo
759 2930 935 3002 Phaonem
950 2911 1204 3022 praetulerit*),
1230 2931 1444 3005 haecomnia

194 3085 404 3157 quamquam
430 3065 487 3137 vix
514 3070 606 3137 certo
631 3062 748 3135 dirimi
773 3070 947 3155 poterunt,
974 3070 1091 3136 tamen
1117 3062 1324 3156 quibusdam
1349 3064 1443 3139 indi-

196 3199 260 3269 ciis
285 3219 406 3270 ansam
430 3199 676 3288 praebentibus
703 3197 901 3270 coniectura
926 3198 1057 3270 solvere
1082 3199 1303 3271 tentabimus.
1330 3199 1446 3274 Maxi-

194 3353 272 3403 mus
297 3332 422 3425 Tyrius
448 3332 470 3402 l.
498 3333 519 3403 l.
548 3354 576 3403 c.
606 3335 625 3402 9
656 3334 700 3425 (v.
729 3331 858 3422 Sapph.
885 3332 972 3420 frag.
997 3334 1081 3424 136)
1110 3331 1261 3405 Socratis
1287 3334 1446 3406 morituri

194 3468 301 3539 verba
326 3444 549 3558 Xanthippae
586 3467 686 3538 uxori
724 3464 855 3537 luctum
893 3465 1133 3562 exprobrantis
1172 3486 1250 3538 cum
1283 3467 1445 3559 Sapphus

196 3600 312 3672 verbis
339 3600 481 3691 confert,
508 3621 596 3691 quae
621 3599 725 3671 simili
752 3597 851 3670 modo
876 3596 982 3671 tiliam
1010 3600 1180 3671 hortatur.
1210 3596 1442 3695 Mc'rcmerac,

194 3735 323 3827 inquit,
350 3734 401 3821 ri
423 3729 644 3820 Ξανθίππῃ
671 3710 925 3834 ὀδυρομένῃ,
954 3722 1028 3806 ὅτι
1068 3729 1322 3826 ἀπέθνησκεν·
1350 3734 1376 3827 ri
1402 3724 1445 3809 δὲ

196 3871 247 3954 τῇ
274 3870 492 3979 θυγατρί·
532 3869 598 3945 Ov'
624 3871 709 3981 γάρ
750 3872 880 3958 θέαις
920 3865 958 3941 ἐν
997 3860 1293 3968 μουσοπόλων
1335 3865 1446 3980 οἰκίᾳ

200 4007 352 4104 θρῆνον
391 3985 504 4098 εἶναι,
543 4003 624 4079 oria
662 3997 781 4102 ἄμμι
820 4001 978 4096 πρέπει
1008 3995 1117 4078 τάδε.
1157 4003 1353 4078 Dolendum
1379 4012 1443 4096 est,

195 4137 287 4229 quod
312 4138 468 4229 sophista
493 4161 562 4210 non
590 4139 759 4229 exposuit,
786 4160 848 4211 cur
873 4137 945 4209 filia
963 4137 1151 4210 lamentata
1164 4143 1264 4227 esset
1291 4144 1445 4212 attamen

193 4272 226 4344 si
251 4293 292 4344 ex
318 4273 361 4344 iis
387 4293 475 4364 quae
512 4271 722 4364 praecedunt
760 4271 964 4344 concludere
1000 4272 1091 4361 licet,
1138 4293 1229 4344 mors
1275 4273 1446 4344 carissimi

194 4407 374 4480 cuiusdam
401 4407 542 4498 lugendi
582 4429 722 4480 oausam
759 4408 930 4499 praebuit.
971 4407 1062 4499 Quid
1102 4415 1154 4480 est
1179 4415 1291 4481 autem
1318 4429 1446 4499 parvae

193 4545 318 4617 filiolae
356 4545 469 4616 carius
509 4567 611 4635 quam
649 4545 825 4634 parentes?
863 4545 983 4634 ltaque
1021 4564 1103 4615 sane
1142 4541 1216 4615 fieri
1253 4544 1378 4635 potuit,
1405 4551 1445 4617 ut

194 4677 286 4752 Cleis
313 4677 488 4750 Cercolam
514 4685 647 4769 patrem
673 4684 781 4751 morte
807 4678 988 4767 abreptum
1027 4684 1097 4748 tam
1136 4675 1360 4749 vehementer
1384 4676 1444 4749 de-

193 4812 300 4886 fleret.
328 4811 393 4885 Oui
419 4814 562 4884 minime
587 4811 793 4885 adversatur
819 4811 1011 4884 Ovidianae
1036 4811 1206 4902 epistulae
1225 4833 1256 4883 v.
1274 4814 1332 4884 70:

341 4945 548 5017 Accumulat
574 4966 674 5017 curas
700 4943 772 5018 filia
797 4966 905 5036 parva
931 4965 1035 5034 meas,

207 5078 464 5090 *affl

300 5117 323 5188 ⁸)
342 5120 381 5179 ot.
402 5135 487 5194 supra
505 5137 532 5193 p.
553 5122 587 5181 70
606 5122 640 5180 n.
659 5123 686 5180 P.
707 5124 800 5180 locum
819 5119 933 5179 anobis
952 5119 1123 5180 restitutum.
