3784 6014
739 527 937 600 ..73-

216 761 283 834 sibi
309 760 501 853 periculum
526 760 608 851 iuga
635 761 780 834 salutem
806 762 1005 854 quaesierit,
1032 760 1123 853 quod
1149 770 1462 856 urgentetempore

200 897 285 969 'tam
311 893 431 986 rapide
455 893 549 984 feeit,
575 901 615 966 ut
640 893 817 985 Sapphoni
843 915 888 966 ne
912 895 990 966 vale
1015 893 1152 988 quidem
1178 894 1294 968 dicere
1312 897 1463 988 potuerit

217 1028 272 1120 (oi.
300 1052 354 1103 vv.
384 1033 428 1101 99
456 1048 519 1121 sq,
550 1031 645 1122 lotii:
687 1029 808 1122 Itaque
845 1029 935 1122 quod
973 1032 1182 1104 recentiores
1222 1029 1265 1103 de
1304 1032 1463 1123 Sapphus

214 1165 317 1254 fugae
343 1184 447 1235 eausa
472 1164 639 1254 suspicati
678 1168 771 1253 suut,
811 1162 847 1233 id
872 1166 1005 1254 potius·
1028 1166 1064 1237 in
1090 1164 1266 1239 Phaonem
1291 1163 1463 1258 quadrare

214 1297 411 1390 videtur*).

314 1427 422 1505 Nuno'
454 1430 642 1505 videndum
680 1441 742 1523 est,
782 1432 950 1525 quomodo
976 1434 1012 1523 ii,
1040 1436 1099 1526 qui
1126 1435 1301 1507 Phaonem
1333 1437 1465 1507 nullum

214 1567 322 1664 fuisse
347 1571 514 1658 statuant,
542 1567 636 1640 illam
662 1565 704 1638 de
730 1566 891 1659 Sapphus
917 1589 1000 1658 erga
1026 1569 1201 1642 Phaonem
1227 1589 1344 1642 amore
1368 1570 1466 1646 fabu-

215 1701 285 1773 lam
310 1701 592 1792 interpretentur.
621 1701 791 1792 Quicum
818 1701 889 1773 fere
913 1723 1033 1774 omnes
1072 1725 1093 1775 a
1120 1703 1255 1776 Koolrio
1280 1701 1465 1796 pendeant,

216 1857 279 1908 nos
305 1856 439 1928 quoque
464 1835 507 1908 ab
532 1837 606 1908 eius
632 1836 805 1908 sententia
829 1835 1096 1926 proficiscemur.
1125 1837 1191 1910 Cui
1218 1860 1239 1910 a
1265 1859 1321 1910 no
1338 1841 1373 1910 m
1387 1840 1398 1910 i
1412 1861 1468 1911 ne

216 1974 291 2062 ipso
316 1992 435 2045 exorso
461 1966 627 2043 Φάων
653 1992 674 2042 a
700 1967 818 2042 radioe
856 1992 915 2066 φα
946 1972 1061 2043 lumen
1089 1970 1308 2062 significante
1333 1971 1469 2046 deriva-

216 2114 291 2179 tum
316 2103 408 2177 idem
436 2101 634 2195 significare
658 2104 797 2178 videtur
822 2112 924 2197 atque
950 2099 1133 2179 Φαέθων
1149 2107 1218 2199 **)·,
1245 2129 1334 2200 quae
1359 2108 1467 2199 expli-

218 2243 309 2314 oatio
346 2262 467 2315 ansam
503 2242 535 2313 ei
560 2241 703 2331 praebet
740 2239 784 2313 ad
826 2241 920 2313 illam
970 2241 1123 2314 fabulam
1161 2240 1469 2332 interpretandam.

218 2375 366 2449 Constat
389 2377 480 2449 enim
507 2375 738 2448 Phaethontis
764 2397 890 2448 nomeu
915 2397 985 2447 non
1011 2375 1121 2448 solum
1153 2373 1244 2448 Solis
1270 2375 1471 2470 Clymenae-

218 2534 285 2606 que
309 2510 380 2584 lilio
405 2511 456 2582 illi
481 2511 641 2602 imperito
669 2510 756 2584 Solis
783 2533 947 2604 equorum
974 2512 1117 2601 aurigae
1142 2511 1260 2604 fuisse,
1287 2509 1471 2584 sedetiam

220 2646 396 2720 interdum
422 2648 535 2738 ipsum
564 2647 668 2718 solem
694 2667 733 2718 eo
759 2646 898 2718 nomine
924 2645 1099 2744 designari
1116 2645 1208 2739 lil).
1236 2645 1358 2739 ltaque
1372 2644 1470 2718 Koolr

221 2803 286 2873 pro
311 2781 369 2853 illo
395 2780 534 2853 nomine
559 2780 624 2852 hoo
650 2780 838 2852 substituto
864 2780 1040 2852 Phaonem
1067 2779 1178 2852 Solem
1204 2778 1472 2870 intellegendum

222 2935 298 2988 esse
322 2915 456 3006 statuit,
483 2911 527 2986 ad
555 2914 652 2986 cuius
679 2912 890 2998 cotidianum
917 2932 1056 2984 oursum
1083 2911 1284 2985 narratione
1305 2910 1472 2985 dePhao-

222 3070 268 3121 ne
292 3048 505 3121 naviculario
543 3045 727 3119 alludatur.
768 3046 928 3137 Sapphus
967 3052 1081 3118 autem
1120 3067 1245 3118 nomen
1283 3068 1304 3119 a
1342 3038 1472 3142 σαφής

222 3181 391 3256 adiectivo
418 3179 611 3255 derivatum
647 3180 766 3252 lunam
805 3179 1002 3269 significare
1040 3179 1072 3251 ei
1098 3177 1246 3271 videtur,
1279 3200 1367 3271 quae
1392 3179 1473 3252 solis
1569 3231 1575 3239 -

226 3319 275 3411 (h.
287 3341 314 3390 e.
325 3316 491 3409 Phaonis)
508 3313 723 3407 splendorem
737 3312 909 3387 admirata
922 3335 1104 3405 amoreque
1118 3334 1202 3403 erga
1215 3335 1292 3385 eum
1307 3313 1437 3405 captat
1460 3353 1474 3367 ·

222 3456 374 3546 gientem
400 3455 443 3526 ab
469 3454 601 3524 oriente
626 3450 834 3524 occidentem
861 3470 982 3521 versus
1007 3455 1237 3541 persequatur
1249 3470 1358 3541 usque
1377 3448 1473 3540 adeo,

222 3586 332 3659 donee
369 3607 431 3676 spe
467 3585 636 3657 frustrata
673 3582 716 3655 de
741 3580 937 3655 Leucadiae
962 3587 1079 3654 monte
1116 3579 1304 3653 inductus
1332 3579 1474 3672 delapsa

226 3720 275 3813 (h.
302 3742 331 3792 e.
360 3717 531 3810 oooideus)
559 3716 674 3788 insani
700 3717 827 3788 amoris
853 3714 1024 3787 dammam
1051 3713 1257 3801 restinguat.

332 4013 354 4080 *)
372 4013 445 4069 Pieri
464 4012 564 4084 potuit,
582 4014 615 4067 ut
633 4011 727 4068 Phaon
746 4007 928 4064 seditionibus
946 4006 977 4060 iu
995 4006 1080 4061 Lesbo
1099 4005 1192 4060 insula
1213 4005 1315 4061 sedatis
1334 4007 1396 4076 post
1414 4008 1476 4063 lon·

221 4123 289 4178 gum
307 4107 440 4175 temporis
459 4105 580 4174 spatium
607 4103 638 4158 in
656 4101 779 4171 patriam
807 4112 935 4155 reversus
954 4096 1127 4165 Sapphonem
1151 4096 1182 4151 in
1200 4095 1406 4153 matrimonium
1425 4095 1476 4151 du·

222 4212 286 4254 oero
307 4196 435 4254 voluerit:
463 4197 493 4250 at
520 4195 581 4264 illa,
610 4194 667 4248 iam
694 4191 786 4247 aetate
811 4187 978 4258 provectior,
1000 4186 1116 4256 nuptias
1141 4200 1272 4242 reomaus
1300 4188 1388 4243 solum
1416 4187 1476 4242 eius

222 4286 379 4344 amicitiam
397 4285 500 4355 petivit
519 4298 549 4338 eo
569 4282 699 4353 earmina,
719 4295 733 4336 e
752 4293 804 4347 quo
823 4279 895 4346 frag.
916 4278 949 4334 75
969 4276 1160 4346 depromptum
1179 4277 1229 4332 est:

526 4371 617 4454 ’att'
640 4370 691 4435 ἴων
715 4371 807 4456 φίλος
829 4365 959 4453 ἄμμι..

618 4483 708 4564 λέχος
731 4476 846 4563 ἄρνυσο
869 4477 1021 4558 νεώτερον·

527 4591 565 4652 ot’
587 4587 646 4675 γάρ
672 4584 804 4671 rddoopr'
827 4584 881 4669 ἔγω
904 4581 1048 4665 §ordinm

620 4699 674 4774 νέῳ
697 4695 724 4778 γ’
747 4695 818 4757 ἔσσα
840 4693 1015 4776 γεραιτέρα.

321 4804 358 4871 **)
376 4806 523 4872 Utrumque
543 4819 641 4859 noman
659 4802 731 4857 idom
751 4801 908 4868 significare
927 4799 983 4860 iam
1002 4797 1029 4862 d.
1049 4796 1076 4860 0.
1101 4795 1201 4858 lliiller
1220 4797 1239 4851 l.
1259 4798 1278 4851 l.
1299 4810 1325 4872 p.
1345 4795 1396 4857 292
1417 4807 1479 4854 oan-

220 4893 292 4964 suit,
311 4892 459 4948 Adonidem
478 4893 652 4960 intellegens.

307 4982 358 5059 m)
376 4983 415 5041 (tf.
435 4985 514 5066 lem.
534 4985 599 5040 len.
619 4984 649 5054 V,
671 4984 729 5052 loo.
