3784 6014
667 577 921 664 ,-1ot-

180 807 297 896 {nimis
322 812 445 886 insulsi
483 819 517 884 et
543 802 671 885 inficeti
711 819 898 903 poetacquc
935 811 1075 900 ingenio
1115 830 1258 899 prorsus
1284 805 1434 897 indigni'

179 945 324 1034 (Vriesii
362 953 444 1018 sunt
482 946 609 1036 verba),
651 948 680 1018 si
707 946 839 1036 poetria
877 945 980 1016 breve
1019 963 1142 1016 nomen
1178 940 1325 1032 pusillae
1350 961 1435 1013 suae

178 1085 336 1152 staturae
360 1078 568 1183 respondere
594 1078 780 1153 contendit:
808 1086 943 1152 tantum
970 1079 1061 1150 enim
1086 1078 1193 1167 abest,
1221 1084 1262 1150 nt
1286 1069 1433 1148 Ovidius

177 1222 388 1286 austero
427 1215 567 1304 ingenio
591 1215 706 1304 fuerit,
746 1220 786 1285 ut
810 1211 1020 1285 ludibundos
1060 1184 1250 1284 sententias
1292 1229 1369 1281 eum
1395 1209 1432 1281 in
1473 1311 1475 1318 y

178 1317 312 1420 deliciis
338 1347 500 1420 habuisse
526 1353 659 1420 constet
675 1347 721 1439 i).
750 1347 858 1418 Porro
884 1346 985 1418 tertio
1012 1367 1113 1417 versu
1153 1345 1293 1416 ineunte
1318 1339 1433 1414 verbis

181 1503 281 1571 ,sum
305 1482 441 1572 hrcvis‘t
470 1482 603 1572 poetria
621 1479 787 1553 concedit
825 1479 962 1572 quidem
1001 1499 1038 1550 se
1064 1477 1121 1549 illo
1153 1478 1238 1548 vitio
1277 1474 1434 1547 affectam

178 1637 256 1688 esse
285 1619 386 1709 (quae
413 1618 586 1690 concessio
612 1640 733 1690 sane
769 1615 922 1707 praefixo
948 1616 1086 1707 planius
1125 1613 1270 1704 exprimi
1297 1611 1433 1703 possit),

176 1752 216 1823 in
244 1752 286 1822 iis
313 1773 409 1851 vero,
432 1774 520 1844 quae
534 1759 738 1847 sequuntur,
766 1750 815 1822 illi
831 1752 916 1825 vitio
942 1751 1094 1840 poetriae
1119 1748 1212 1820 fama
1237 1738 1433 1837 opponitur,

177 1907 249 1979 qna
275 1883 361 1957 illud
387 1893 537 1959 naturae
562 1886 725 1959 damnum
739 1884 987 1996 quodammodo
1003 1888 1254 1974 compensatur:
1287 1878 1433 1968 ,Sane“‚

177 1991 305 2111 inquit,
338 2041 434 2110 ,sum
460 2022 585 2113 brevis,
611 2031 650 2095 at
674 2022 856 2118 clara‘t,
883 2020 972 2094 Cum
997 2025 1112 2092 autem
1134 2013 1346 2112 Σαπφοῦς
1371 2034 1434 2085 no-

176 2176 268 2245 men,
296 2155 386 2245 quod
411 2155 455 2229 ab
481 2155 648 2229 adiectivo
676 2147 804 2252 capio
831 2155 1025 2228 derivatum
1039 2175 1112 2226 esse
1133 2152 1199 2225 alio
1213 2152 1287 2225 loco
1303 2152 1351 2242 (p.
1370 2151 1432 2242 77)

177 2285 405 2380 ostendimus
425 2291 462 2360 in
474 2289 631 2379 linguam
644 2289 788 2362 latinam
803 2310 1004 2362 conversum
1030 2287 1229 2361 Claram
1249 2281 1432 2376 significet,

176 2425 314 2514 poetria
339 2423 383 2496 ab
409 2425 560 2498 eiusdem
587 2427 736 2499 nominis
775 2427 885 2499 latina
923 2423 1176 2515 significatione
1215 2441 1335 2493 exorsa
1366 2419 1435 2493 tale

178 2579 306 2630 nomen
332 2559 399 2630 sibi
424 2581 498 2631 esse
523 2561 582 2650 ait,
623 2560 713 2652 quod
739 2567 848 2634 totum
873 2559 1041 2632 mundum
1066 2558 1208 2650 implere
1233 2556 1344 2647 possit
1360 2554 1432 2647 **);

178 2693 296 2767 verbis
323 2693 479 2787 denique,
507 2717 595 2788 quae
617 2697 768 2784 alterum
794 2696 967 2769 distichon
993 2695 1171 2784 claudunt,
1200 2691 1339 2784 Sappho
1364 2698 1433 2763 tes-

160 2836 278 2904 'tatur
302 2854 323 2903 a
349 2851 386 2904 se
411 2854 531 2904 revera
556 2832 592 2904 id
618 2832 799 2925 possideri,
827 2831 917 2925 quod
945 2833 1083 2904 nomine
1102 2830 1169 2902 sihi
1195 2827 1305 2901 indito
1319 2826 1433 2918 expri-

177 2970 306 3056 matur,
334 2965 368 3036 h.
396 2989 424 3038 e.
453 2965 653 3039 claritatem.
695 2968 749 3040 Ita
774 2966 885 3038 nodus
924 2966 1080 3057 quamvis
1118 2962 1315 3054 implicatus
1347 2960 1434 3033 mihi

178 3096 364 3170 solvendus
402 3121 476 3171 esse
512 3099 651 3172 videtur
667 3101 763 3192 aaa),
805 3098 903 3192 Quod
942 3106 1057 3171 autem
1083 3097 1181 3169 colon
1217 3103 1436 3186 ,mensuram

288 3426 311 3493 *)
328 3429 404 3484 Hanc
422 3430 608 3497 quaestionem
626 3431 762 3487 tractavit
780 3430 933 3486 llercnrino
963 3430 1054 3497 Sappa
1082 3427 1112 3481 in
1140 3426 1248 3482 llivista
1276 3426 1305 3481 di
1324 3425 1375 3481 rit.
1397 3427 1433 3482 lll

177 3519 271 3586 (1883)
289 3533 314 3587 p.
336 3519 386 3593 347
407 3533 473 3592 sopp
493 3536 517 3576 v.
537 3521 662 3576 Bursian.
682 3523 701 3580 l.
721 3524 740 3578 l.
760 3535 787 3590 p.
809 3522 858 3577 149
878 3533 934 3586 sqq.
1145 3509 1147 3513 ’

276 3605 313 3672 ”l
332 3606 371 3664 tf.
390 3622 415 3666 v.
435 3611 477 3665 28:
497 3611 556 3664 Iam
577 3608 686 3664 canitur
705 3609 762 3664 toto
782 3622 880 3664 nomen
898 3608 929 3662 in
948 3608 1012 3660 orlac
1032 3619 1130 3661 mcum.

262 3693 313 3762 ***)
332 3696 392 3752 llon
419 3712 460 3752 mo
488 3696 562 3766 fugit
589 3697 659 3752 mihi
686 3697 828 3757 difficilem
865 3698 956 3752 locum
984 3695 1025 3749 ita
1062 3694 1214 3768 explicanti
1252 3693 1323 3748 obici
1355 3707 1433 3763 possa

181 3793 337 3870 Σαπφοῦς
346 3800 438 3844 rocem
448 3787 604 3856 significare
615 3788 723 3855 quidem
733 3787 850 3858 Claram,
869 3787 899 3842 in
918 3801 1060 3856 gracco
1080 3786 1171 3840 autem
1182 3783 1318 3840 adiectivo
1335 3781 1435 3867 σοφῆς

178 3891 236 3933 non
253 3878 341 3934 inesse
360 3895 421 3936 cam
440 3882 495 3938 vim
514 3884 594 3948 atque
614 3881 851 3950 signiucattonom,
870 3893 952 3946 quam
970 3879 1054 3934 latini
1078 3877 1200 3932 homines
1228 3891 1275 3930 suo
1296 3873 1432 3930 adiectivo

178 3968 341 4027 tribuerint.
360 3973 393 4027 ln
410 3985 465 4038 qua
482 3987 512 4027 ro
532 3972 657 4029 Ovidium
675 3986 780 4027 errasse
800 3972 960 4027 sumendum
988 3972 1037 4026 est:
1056 3968 1186 4024 Romanis
1219 3967 1292 4022 enim
1310 3979 1435 4022 nonnun-

178 4071 262 4124 quam
281 4059 420 4130 accidissc‚
448 4062 480 4115 ut
506 4074 606 4129 graeca
634 4061 717 4117 verba
737 4074 864 4129 perverse
892 4060 1155 4129 interpretarentur,
1190 4059 1279 4112 multa
1308 4057 1434 4126 exempla

180 4147 288 4220 doccut;
307 4149 348 4204 ita
366 4150 438 4206 illud
456 4151 630 4208 Homericum
647 4152 689 4218 (ll.
710 4153 723 4206 Ι
738 4133 1086 4232 4701κρητῆραςέπεσ
1098 4168 1115 4209 τ
1126 4150 1142 4210 ἐ
1153 4142 1289 4237 daran
1313 4149 1433 4212 urrato

182 4255 198 4294 a
217 4238 338 4316 largitio
357 4241 399 4296 ita
418 4255 574 4311 cupressum
594 4241 635 4296 cst
660 4242 737 4307 (teu.
755 4240 769 4296 I
788 4241 857 4304 tara
887 4240 1008 4295 c1·eteras
1036 4251 1149 4306 magnos
1168 4237 1296 4292 statuunt
1320 4239 1348 4291 et
1367 4235 1433 4294 vina

181 4331 491 4387 coronant-Sanc
511 4331 709 4386 concedendum
729 4332 769 4386 cst
789 4329 823 4384 ad
836 4329 975 4396 eiusmodi
994 4330 1086 4385 lusum
1105 4327 1204 4382 melius
1234 4325 1434 4392 quadratorum

181 4417 266 4475 fuisse
286 4421 432 4500 Kolpofig
450 4434 554 4490 nomen,
574 4418 644 4486 quod
663 4434 747 4488 snpra
766 4417 947 4474 restituimus.
968 4417 1093 4472 catorum
1117 4416 1188 4471 tales
1206 4418 1292 4485 lusus,
1310 4413 1360 4470 nbi
1376 4428 1435 4469 <no-
1517 4470 1522 4479 ,

181 4525 243 4566 men
261 4511 348 4565 omcn‘
368 4510 417 4579 cst,
436 4510 509 4579 apud
528 4509 655 4575 antiquos
674 4507 832 4577 saepissime
851 4507 1039 4576 reperiuntur,
1058 4507 1091 4560 ut
1110 4505 1183 4574 apud
1201 4505 1347 4560 Homerum
1374 4504 1432 4569 (dd.

181 4600 252 4655 llllll
272 4601 332 4669 292,
352 4600 412 4669 308,
431 4600 482 4656 315
502 4599 534 4653 de
553 4601 624 4666 Argo
644 4599 727 4668 canc),
747 4597 820 4666 apud
838 4597 997 4665 Euripidem
1015 4596 1123 4662 (Phoen.
1143 4596 1209 4653 1495
1229 4596 1261 4651 dc
1281 4596 1433 4668 Polynice),

181 4689 254 4759 apud
274 4689 502 4758 epigrammatum
530 4691 665 4760 auctores,
693 4688 726 4742 ut
751 4687 782 4741 in
810 4689 859 4743 illo
888 4684 1041 4744 Simonideo
1060 4686 1175 4752 propter
1203 4686 1258 4750 oda
1282 4685 1432 4773 κίβσαλον

181 4777 355 4835 memorabili
374 4778 571 4847 epigrammate
590 4778 635 4845 (fr.
657 4779 707 4834 168
726 4776 800 4847 apud
821 4776 987 4844 Berghium):

359 4871 458 4946 Σῶοος
480 4865 533 4955 nai
557 4869 656 4946 Σωσώ,
679 4875 783 4950 σῶτερ,
808 4864 856 4928 σοὶ
879 4865 968 4929 τόνδ’
989 4863 1159 4948 ἀνέθηκαν,

359 4979 458 5052 Σᾶσος
480 4977 539 5060 μὲν
561 4973 677 5057 σωθείς,
704 4974 795 5043 aava
817 4972 848 5040 d'
871 4970 922 5038 ὅτι
944 4975 1046 5051 Σῶοος
1069 4965 1179 5060 ἐσώθη.
