3784 6014
694 561 894 637 ..01-

169 790 260 863 hanc
273 791 494 883 Sapphonem
519 790 646 884 fictam,
674 793 718 866 ab
743 794 813 866 illis
838 815 920 867 vero
948 815 966 866 e
992 790 1176 867 comoediis
1202 791 1418 882 desumptam

170 946 246 997 esse
272 947 293 996 a
317 928 465 998 veritate
491 948 562 998 non
589 926 777 999 abhorrere
802 928 889 1000 mihi
915 926 1063 1000 videtur.
1091 926 1204 1017 Supra
1230 925 1320 997 enim
1336 925 1420 1020 *pla-

170 1079 255 1130 num
279 1057 422 1129 fecimus
448 1058 540 1129 inter
560 1027 727 1149 'Sapphus
754 1059 920 1149 carmina,
948 1079 1036 1151 quae
1061 1055 1105 1129 ad
1118 1056 1298 1130 Phaonem
1312 1056 1420 1147 perti-

138 1191 312 1281 nebant,
339 1213 447 1264 unum
471 1189 589 1280 luisse,
629 1192 688 1264 ubi
715 1191 825 1265 Naias
864 1191 1022 1284 poetriae
1046 1189 1220 1278 suaderet,
1266 1195 1305 1262 ut
1329 1190 1421 1262 saltu

171 1325 216 1398 de
239 1325 400 1425 Leucade
424 1332 559 1399 tentato
585 1327 707 1399 insano
734 1328 844 1399 amori
870 1324 1077 1416 mederetur3
1118 1327 1216 1399 cuius
1254 1323 1421 1398 carminis

171 1468 208 1534 et
231 1460 438 1553 particulam
465 1463 558 1534 inter
582 1461 738 1551 poetriae
763 1461 959 1550 fragmenta
985 1467 1158 1533 servatam
1184 1465 1422 1548 etargumeu·

171 1589 247 1666 tum
273 1592 316 1664 ab
342 1591 469 1664 Ouidio
495 1617 550 1666 vv.
568 1597 759 1666 iun-175
787 1595 957 1668 imitando
971 1615 1171 1688 expressum
1188 1594 1423 1686 epistulaeque

172 1727 344 1799 intextum
359 1748 446 1818 ⁸esse
471 1726 696 1799 ostendimus.
737 1726 790 1798 Ex
830 1728 895 1799 boc
931 1729 1007 1818 ipso
1047 1728 1201 1801 carmine
1232 1728 1325 1799 lama
1363 1726 1423 1798 illa

172 1861 261 1933 oriri
286 1862 400 1952 potuit
425 1861 644 1953 Sapphonem
683 1882 831 1934 revera
857 1861 1004 1933 Naiadis
1044 1850 1201 1936 consilio
1222 1835 1441 1933 obsecutam

173 1995 217 2068 de
241 1996 299 2072 illo
324 1999 568 2089 promunturio
594 1998 631 2069 in
658 2017 753 2069 mare
770 2038 772 2043 .
791 2019 827 2068 se
865 1998 1117 2088 praecipitasse
1132 1998 1179 2088 *);
1213 2017 1317 2086 porro
1358 2015 1419 2067 au-

174 2138 248 2203 tem'
271 2131 362 2202 idem
389 2153 529 2204 carmen
556 2133 696 2204 comicis
735 2152 870 2224 quoque
895 2152 1017 2203 ansam
1044 2130 1149 2221 dedit,
1189 2150 1257 2223 qua
1284 2135 1425 2220 arrepta

175 2260 397 2356 Sapphoncm
424 2262 591 2352 psaltriae
629 2283 812 2353 personam
851 2260 1008 2335 indutam
1035 2261 1220 2353 profugum
1255 2259 1424 2332 amasium

176 2402 368 2469 sectantem
394 2397 432 2467 in
457 2416 617 2468 scaenam
645 2393 853 2469 inducerent
878 2396 1127 2489 desperatoque
1152 2416 1313 2467 successu
1339 2391 1424 2466 illud

147 2517 367 2617 ‘periculum
381 2517 586 2599 subeuntem
600 2528 830 2619 lacerandi).
859 2529 913 2600 lta
927 2528 1183 2618 simplicissime
1196 2526 1256 2597 illa
1269 2525 1425 2616 quaestio

177 2660 264 2731 solvi
289 2665 413 2751 potest.
440 2659 541 2732 Illam
568 2663 661 2732 enim
688 2660 731 2732 de
755 2659 1112 2766 poetriaeLeucadio
1138 2661 1229 2735 saltu
1254 2659 1426 2732 narratio

175 2815 256 2867 nem
282 2797 425 2867 minime
451 2798 600 2869 veritate
640 2799 706 2869 niti
745 2797 863 2870 multis
903 2799 1118 2888 argumentis
1161 2796 1230 2866 iam
1256 2800 1337 2866 ante
1362 2815 1427 2867 nos

175 2929 220 3001 ab
247 2928 324 3000 aliis
350 2907 493 3018 prolatis
520 2928 751 3002 demonstrari
777 2938 901 3021 potest:
931 2932 1083 3023 primum
1109 2930 1201 3001 enim
1222 2930 1348 3002 mirum
1375 2932 1428 2998 est

176 3063 350 3134 neminem
375 3068 532 3133 veterum
558 3064 747 3134 memoriae
772 3061 977 3155 prodidisse,
1017 3062 1128 3153 qualis
1155 3068 1298 3134 eventus
1341 3057 1426 3132 illud

175 3194 290 3268 audax
317 3195 640 3286 Sapphus‘facinus
666 3204 804 3271 secutus
831 3205 932 3287 esset;
964 3220 1068 3288 porro
1094 3197 1131 3268 in
1159 3194 1272 3269 indice
1297 3216 1427 3280 eorum,

173 3350 261 3421 quos
297 3327 383 3401 illud
420 3330 613 3420 periculum
651 3332 800 3403 subiisse
837 3332 972 3423 antiqui
1012 3329 1220 3420 referebant,
1266 3328 1427 3438 Sapphus

176 3593 605 3602 -—-———-.

289 3775 311 3839 ⁸)
329 3774 369 3832 cr.
389 3775 462 3830 Neue
480 3777 500 3832 l.
519 3777 539 3832 l.
559 3791 585 3846 p.
606 3776 630 3832 d.

275 3862 311 3930 *')
330 3864 430 3939 Quodsi·
446 3865 477 3919 in
494 3865 654 3920 uuiversum
682 3864 785 3920 clarius
813 3864 987 3932 designatum
1014 3865 1118 3920 babere
1146 3863 1225 3936 velis,
1249 3877 1318 3930 quae
1337 3865 1369 3918 ut
1388 3863 1430 3918 ita

171 3954 269 4010 dicam
289 3953 458 4008 necessitudo
487 3953 562 4008 inter
581 3954 707 4025 Sapphus
737 3954 861 4009 carmina
878 3955 927 4024 (Α),
956 3954 1109 4010 Atticorum
1138 3954 1290 4010 comoedias
1309 3953 1370 4028 (⁶21),
1401 3955 1428 4008 ot

171 4043 342 4102 Ouidianam
369 4045 496 4114 Sapphus
524 4044 672 4114 epistulam
690 4047 726 4110 (a)
744 4044 908 4114 intercedat,
937 4045 988 4099 duo
1013 4046 1159 4100 stemmata
1186 4045 1240 4101 tibi
1259 4045 1430 4114 apponimus,

169 4147 294 4201 qnorum
313 4133 405 4203 priore
424 4133 607 4204 plurimorum
627 4149 640 4189 e
660 4135 859 4190 recentioribus
879 4135 1026 4205 sententia,
1046 4135 1199 4204 posteriore
1224 4137 1316 4190 antem
1336 4135 1430 4189 nostra

169 4222 294 4294 propius
314 4221 483 4279 declaratur:
1445 4220 1450 4228 '
